3292 5422
477 498 571 552 Car.
601 495 718 551 xxti,
748 490 783 571 gt,
815 496 983 552 ror-roa.
1266 505 1302 557 89

160 629 372 697 arbitramini
392 643 424 697 et
440 654 509 696 non
525 652 660 720 semper
683 626 827 695 irrisisse
849 628 962 720 potius
982 653 1101 697 eorum
1125 630 1301 701 hominum

160 746 421 839 impudentiam,
453 745 525 838 qui,
554 768 632 810 eum
658 743 692 810 in
720 742 836 810 schola
864 744 1080 830 assedissem,
1111 773 1151 816 ex
1180 774 1301 844 magna

159 861 336 929 hominum
354 859 547 955 frequentia
560 859 677 927 dicero
696 858 890 927 iuberentsi
905 860 981 954 quis
997 862 1081 955 quid
1096 865 1303 956 quaereret?

157 982 242 1065 [103]
258 975 360 1065 Quod
378 977 526 1072 primum
548 973 664 1044 ferunt
680 973 888 1042 Leontinum
905 973 1025 1045 secisse
1043 979 1223 1073 Gorgiam,
1243 980 1300 1073 qui

157 1117 384 1186 permagnum
405 1091 568 1187 quiddam
580 1089 754 1184 suscipere
774 1115 814 1157 ae
832 1090 986 1184 profiteri
1005 1091 1198 1178 videbatur,
1223 1121 1300 1163 cum
1318 1107 1334 1160 5

155 1233 192 1277 se
211 1207 253 1275 ad
273 1208 399 1293 omnia,
424 1208 467 1277 de
485 1206 609 1302 quibus
624 1205 770 1300 quisque
786 1204 905 1273 audire
921 1207 1036 1291 vellet,
1055 1233 1128 1278 esse
1144 1226 1300 1303 paratum

155 1323 389 1393 denuntiaret.
412 1326 532 1392 Postea
561 1347 644 1391 vero
672 1321 774 1415 vulgo
796 1320 861 1389 hoc
890 1319 1004 1391 iacere
1027 1341 1218 1419 coeperunt
1235 1326 1301 1395 ho-

155 1439 281 1534 dieque
315 1439 458 1525 iaciunt,
486 1453 522 1505 ut
551 1438 643 1506 nulla
675 1436 717 1504 sit
748 1461 801 1505 res
831 1461 945 1530 neque
972 1452 1065 1507 tanta
1092 1465 1204 1536 neque
1232 1457 1299 1511 tam

155 1555 340 1649 improvisa
358 1579 472 1648 neque
486 1568 555 1622 tam
578 1578 678 1635 nova,
698 1551 741 1620 de
757 1576 824 1644 qua
841 1576 961 1621 senon
978 1555 1105 1639 omnia,
1124 1581 1213 1650 quae
1232 1556 1299 1626 diei

155 1671 297 1765 possint,
320 1669 546 1765 profiteantur
566 1692 638 1737 esse
658 1666 824 1735 dicturos.
850 1671 934 1754 [104]
955 1668 1058 1757 Quod
1077 1671 1103 1739 si
1120 1686 1166 1755 te,
1185 1674 1297 1756 Cotta,
1320 1686 1354 1740 10
1389 1696 1396 1709 ·

153 1785 344 1855 arbitrarer
367 1800 425 1853 aut
449 1799 497 1874 te,
530 1781 673 1878 Sulpici,
702 1782 745 1851 de
774 1782 814 1851 iis
838 1783 941 1852 rebus
968 1784 1087 1855 audire
1114 1788 1214 1872 velle,
1237 1789 1300 1857 ad-

186 1961 234 2006 NC.
250 1967 273 2005 2.
289 1959 351 2020 quod
362 1958 407 2015 tt¹;
432 1976 483 2005 cam
496 1957 538 2004 11³.
557 1984 588 1994 -
611 1963 659 2006 ‘t-a.
675 1973 704 2002 ex
717 1973 805 2017 ritagua
821 1958 937 2003 lominum
947 1958 1087 2021 frequentia
1105 1960 1127 2005 le
1144 1961 1241 2022 plupart
1260 1964 1301 2008 des

152 2034 202 2078 hiss
217 2030 258 2093 (cl.
281 2031 303 2076 le
324 2028 430 2092 passage:
447 2029 634 2091 correspondent
659 2030 689 2074 de
712 2029 805 2081 Platon,
819 2032 904 2090 Gorg„
919 2046 943 2090 p.
962 2036 1032 2076 aare
1049 2031 1165 2083 ιὲχέλευι
1179 2035 1241 2096 γοῦν
1257 2035 1299 2083 νῦν

154 2101 185 2163 δὴ
200 2098 349 2165 ἑρωτᾶνὸτί
362 2119 398 2159 τις
411 2095 526 2164 βούλοιτο
536 2108 584 2150 τῶν
599 2100 668 2150 ἔνδον
684 2099 771 2162 ὄντων)
781 2114 787 2155 ;
798 2116 885 2161 naagua
898 2101 1016 2147 lominum
1023 2102 1165 2165 frequentia
1179 2102 1300 2166 (suppone

154 2173 244 2218 alorst
261 2188 312 2217 cum
327 2173 350 2216 r'u
365 2172 445 2217 schola
462 2170 614 2234 assedissem)
636 2170 732 2216 Ellendt
753 2171 793 2232 qui
812 2187 841 2217 en
860 2170 903 2217 leit
924 2173 947 2217 le
960 2174 1021 2233 sajet
1036 2173 1142 2220 collectis
1154 2175 1185 2220 de
1200 2175 1301 2221 assedis-

154 2255 216 2299 seut,
232 2243 324 2289 Piderit
343 2253 367 2288 ct
390 2243 456 2289 Cima
475 2243 516 2304 qui
537 2258 566 2287 en
585 2241 636 2287 font
661 2258 691 2287 un
706 2241 792 2287 ablatis
810 2244 840 2288 de
855 2243 1015 2289 circonstanee
1033 2243 1074 2306 (ei.
1096 2245 1120 2289 iu
1138 2249 1208 2292 Verr.
1227 2249 1258 2303 ll,
1275 2254 1298 2302 2,

155 2321 195 2371 77,
217 2322 275 2370 ⁴⁸⁹3
288 2332 335 2376 pro
351 2315 433 2361 Flacc.
453 2320 490 2368 tt,
509 2313 557 2377 st).
570 2340 601 2349 —
619 2321 654 2360 to.
671 2313 763 2375 possint
778 2311 933 2376 H¹g(posscut
946 2313 1023 2377 u¹E);
1035 2327 1133 2376 possunt
1147 2318 1174 2364 L.

153 2467 216 2526 sajet
228 2467 258 2512 de
277 2466 390 2520 discours,
410 2483 500 2512 comana
517 2465 582 2511 these
601 2463 696 2510 tatte-

153 2539 250 2598 lopper.
268 2556 279 2578 a
295 2538 331 2584 Cl'.
352 2538 419 2583 Lael.
439 2546 462 2590 s.
479 2545 506 2583 17
526 2555 556 2583 :s
575 2536 697 2582 doctorum

153 2620 189 2655 est
201 2610 245 2655 ista
254 2610 407 2666 camerado,
418 2624 494 2670 eaque
503 2612 659 2661 Graecorum,
672 2619 698 2652 ut

151 2681 180 2727 iis
203 2689 307 2740 ponatur
327 2681 358 2725 de
383 2695 430 2740 quo
449 2681 571 2740 disputent
592 2679 696 2739 quemvis

152 2752 230 2797 subito
247 2771 268 2797 a.
288 2752 377 2798 Positr‘o
393 2752 449 2797 chez
468 2751 626 2809 Quintiliana
645 2751 697 2796 bien

152 2825 175 2868 le
189 2838 242 2868 sens
257 2824 287 2869 de
300 2823 375 2871 these.

185 2902 207 2943 t.
220 2896 251 2940 Bt
270 2911 313 2938 nott
334 2893 373 2957 (aa
389 2894 437 2939 lieu
452 2896 481 2940 de
498 2893 581 2956 neque)
603 2894 661 2938 dans
675 2893 697 2937 lc

153 2982 207 3011 scus
223 2966 252 3011 de
266 2986 277 3006 ι
292 2976 316 3011 et
328 2982 375 3011 non
385 2982 427 3026 pas
440 2967 519 3026 plutht
535 2985 546 3006 s
562 2964 697 3026 (Riemann,

153 3040 222 3098 Ssut.
236 3037 304 3097 §268
325 3045 356 3091 ⁴⁰,
376 3053 401 3097 p.
415 3043 468 3082 toa.
480 3062 511 3070 -
528 3040 546 3081 Α
561 3050 698 3096 remorqucr

153 3124 211 3169 qoe,
226 3109 282 3152 dens
300 3124 326 3152 cc
343 3124 417 3168 genre
433 3109 463 3153 de
478 3108 585 3169 phrases,
597 3107 697 3153 Ciceros

154 3179 258 3240 eraploie
269 3179 406 3224 d’hahitude
417 3196 462 3223 eron
478 3179 520 3239 (ou
534 3196 562 3224 ac
577 3177 631 3241 troes)
645 3188 696 3224 tout

153 3261 230 3307 court,
244 3265 273 3295 au
286 3250 333 3295 lieu
345 3249 375 3295 de
383 3261 407 3295 et
419 3267 462 3296 ttott
471 3251 549 3312 potius
556 3266 647 3295 comme
656 3250 695 3295 ici.

184 3329 206 3367 Β.
220 3321 397 3384 Impudentiam.
413 3325 446 3368 Ce
460 3322 573 3383 reproche
586 3321 696 3366 d'cliroh·

152 3393 212 3438 terie
225 3403 261 3438 est
276 3392 297 3439 lc
310 3393 385 3454 grand
404 3393 519 3453 reproehe
538 3394 633 3438 adressa
652 3408 696 3438 aua

153 3464 273 3517 rheteum
289 3465 319 3512 cl.
331 3465 461 3509 l'anccdote
471 3466 501 3509 de
517 3463 652 3520 Phormion,
664 3465 695 3517 ll,

154 3541 191 3587 ts,
211 3541 295 3581 tota.
312 3537 407 3581 Crassus
421 3551 502 3580 accuse
523 3537 552 3580 dc
571 3535 647 3579 meme
663 3535 695 3579 les

153 3605 261 3650 rheteurs
271 3605 338 3650 latins
351 3607 403 3664 illl,
415 3611 453 3659 tt,
465 3603 504 3666 at)
514 3606 543 3650 dc
557 3603 618 3649 tenir
630 3604 695 3649 teate

152 3676 316 3735 d'impodence
349 3682 409 3735 {cum
440 3675 595 3736 impudentiae
627 3674 694 3720 ludus

151 3746 229 3809 esset),
241 3748 387 3809 psrceqo'cn
398 3759 525 3808 proposanr
536 3756 586 3792 tout
595 3748 625 3791 de
634 3747 694 3791 snite

152 3821 164 3862 'a
192 3820 254 3863 leura
275 3819 350 3864 eleves
371 3820 412 3863 des
436 3819 545 3864 mutieres
567 3820 579 3862 'a
603 3819 694 3874 traitcr,

152 3904 205 3933 sans
215 3890 267 3934 leur
279 3890 343 3934 avisir
357 3890 438 3949 appris
458 3893 470 3934 'a
490 3888 596 3934 reflechir
611 3890 635 3934 ni
652 3890 695 3935 leit

152 3959 262 4020 aeques-ir
270 3977 299 4005 on
313 3959 381 4006 londa
389 3961 464 4005 solide
472 3962 501 4006 de
509 3960 693 4012 connaissances,

152 4032 180 4076 ils
197 4031 229 4076 les
247 4031 372 4077 habituent
392 4035 404 4077 h
424 4033 501 4076 croire
515 4047 561 4091 qne
581 4032 614 4076 les
635 4042 695 4076 mots

150 4103 262 4165 sullisent,
293 4103 320 4147 ils
348 4103 521 4149 entretienncut
542 4103 592 4147 leur
617 4103 694 4148 venite

150 4175 266 4220 eouliante
281 4185 305 4220 ct
324 4173 375 4220 leur
391 4176 494 4219 donnent
510 4185 588 4220 tontes
602 4177 635 4220 les
652 4193 693 4220 au·

150 4249 219 4292 daces
236 4247 265 4292 de
280 4245 430 4306 l'igoorance.

182 4325 230 4364 2-3.
245 4317 402 4371 Asscds'sserrt,
410 4340 421 4359 a
430 4318 497 4379 apres
503 4319 568 4364 avoir
574 4318 621 4380 pris
629 4320 693 4380 place

150 4391 206 4435 dans
222 4391 273 4434 leur
282 4390 361 4435 chaire
369 4394 470 4436 ·.-Ea
478 4407 564 4451 nragua
578 4391 693 4435 homiuum

146 4460 289 4522 frequentia.
310 4461 365 4505 Voir
383 4464 432 4508 NC.
453 4462 547 4507 L'ordre
574 4477 692 4522 gramma·

149 4532 204 4578 tical
217 4533 259 4577 des
270 4543 332 4577 mots
345 4544 379 4577 est
393 4532 478 4595 siquis
490 4549 520 4578 cx
540 4533 692 4595 maguasre-

147 4603 242 4666 questus
263 4604 321 4665 quid
338 4616 468 4664 quaereret,
492 4624 503 4645 ι
526 4606 544 4650 si
565 4606 692 4666 quelqu'uu

753 2465 783 2510 de
806 2466 829 2510 la
853 2467 994 2511 nombreuse
1015 2466 1145 2513 sssemhlee
1167 2469 1229 2514 avait
1253 2484 1298 2514 une

753 2538 884 2597 questioni
898 2551 969 2596 poser
982 2557 1002 2585 o,

784 2614 807 2653 l.
819 2608 926 2670 Gorgias,
940 2610 960 2654 le
972 2618 1028 2669 type
1040 2610 1069 2654 de
1081 2624 1120 2656 ces
1129 2611 1201 2655 Grecs
1213 2611 1298 2669 impro-

752 2681 865 2726 visateurs
884 2692 908 2727 et
923 2681 1018 2726 iaiscurs
1038 2683 1068 2727 dc
1086 2693 1150 2728 tours
1171 2683 1201 2727 dc
1223 2682 1295 2729 force.

752 2753 788 2799 Ci.
813 2753 858 2808 lll,
884 2758 922 2808 ³2,
946 2758 988 2797 tw
1005 2763 1030 2798 et
1050 2754 1079 2797 de
1095 2754 1151 2800 Fs'u.
1171 2755 1203 2808 ll,
1221 2761 1242 2806 t,
1260 2761 1268 2798 t
1289 2771 1294 2799 :

754 2843 764 2864 u
777 2839 856 2869 eorum
868 2835 918 2869 crat
933 2824 976 2868 iste
989 2839 1049 2876 mos,
1067 2824 1164 2884 quitum
1177 2825 1297 2885 sophistae

753 2895 941 2948 nominabantur,
960 2910 1058 2955 quorum
1071 2911 1084 2940 e
1097 2911 1195 2940 nurnero
1208 2896 1297 2955 primus

752 2977 787 3010 est
804 2981 872 3010 ausus
888 2966 1015 3011 Leontinus
1033 2966 1132 3026 Gorgias
1144 2966 1296 3013 inconvento

752 3053 849 3098 poscere
857 3037 1029 3099 quaestionem,
1042 3036 1066 3082 id
1080 3047 1116 3082 est
1125 3037 1206 3082 iubere
1218 3038 1296 3084 dicere

753 3125 796 3169 qua
822 3110 851 3152 ‹le
872 3124 897 3152 re
920 3107 971 3168 quis
996 3107 1066 3152 vellet
1090 3107 1171 3152 audire
1193 3126 1198 3152 :
1222 3108 1295 3153 audax

752 3178 883 3239 negotium,
903 3177 1006 3223 dicerem
1026 3179 1159 3239 impudens,
1185 3179 1231 3224 nisi
1251 3179 1296 3224 hoc

751 3251 882 3296 institutum
899 3259 980 3310 postea
999 3251 1136 3295 translatum
1154 3251 1184 3295 ad
1203 3261 1296 3296 nostros

752 3321 904 3382 philosophos
922 3331 983 3366 essct
998 3341 1019 3364 a.
1033 3346 1065 3357 -
1082 3326 1126 3368 Sur
1146 3322 1246 3382 Gorgias
1265 3324 1295 3368 de

751 3393 876 3440 Lessntium
903 3394 1020 3438 consulter
1047 3392 1149 3448 Croiset,
1178 3395 1237 3450 Litt.
1254 3411 1293 3453 gr.

752 3467 798 3519 IV,
812 3482 837 3526 p.
853 3471 881 3510 ot
895 3475 920 3509 et
932 3464 991 3510 suiv.

782 3544 805 3583 ts.
832 3537 951 3597 Suscipere
963 3552 991 3580 ac
1001 3535 1116 3596 profiteri.
1136 3535 1173 3580 Cf.
1187 3542 1227 3590 25,
1241 3544 1293 3583 tto.

752 3609 873 3669 Suscipere
885 3623 912 3652 uc
921 3606 1039 3666 polliceri,
1054 3615 1076 3661 6,
1092 3612 1130 3650 21.

782 3684 804 3724 7.
835 3677 987 3723 Dersuutr'aret
1012 3677 1155 3734 correspond
1187 3692 1215 3720 au
1241 3693 1294 3736 gree

750 3751 951 3811 ἐπαγγέλλεσθαι,
983 3745 1137 3806 l'erpression
1173 3746 1293 3793 ordinaire

750 3819 874 3880 employs'ee
895 3833 937 3878 par
958 3819 1067 3862 Platonis
1086 3832 1175 3876 propos
1195 3817 1237 3861 des
1255 3834 1293 3862 so·

750 3892 838 3951 phistes
860 3890 980 3952 (Gorgias,
1004 3894 1048 3933 ⁴⁴7
1071 3890 1104 3948 c).
1121 3889 1184 3934 C'est
1205 3909 1216 3929 ι
1233 3890 1292 3934 s'en·

750 3979 822 4024 geger
833 3970 1003 4013 ourcrtcmeut,
1018 3958 1077 4004 loire
1090 3973 1135 4002 unc
1147 3959 1292 4005 declaration

749 4051 779 4080 ou
797 4050 841 4078 one
862 4048 964 4078 annonae
979 4030 1109 4075 solennelle
1125 4045 1153 4073 ao
1173 4031 1251 4089 public
1268 4050 1289 4077 ι,

749 4108 845 4152 Comme
855 4105 896 4149 des
908 4102 1038 4148 clrarlatans
1053 4117 1092 4145 sur
1100 4102 1162 4146 leurs
1174 4102 1290 4157 tretecor,

749 4180 776 4224 ils
793 4176 914 4222 declarent
932 4174 994 4219 tenir
1006 4173 1121 4233 bontiqoe
1136 4174 1166 4217 de
1176 4183 1235 4219 tout.

781 4255 829 4294 7-8.
857 4247 941 4301 Hodie,
966 4259 1079 4289 «encore
1106 4244 1252 4302 aujourd'hoi
1268 4265 1289 4291 ι,

749 4325 843 4369 Crassus
864 4319 953 4364 rerient
973 4317 1083 4367 aussitht,
1101 4316 1157 4361 c'est
1177 4331 1237 4375 pour
1259 4317 1289 4361 lui

748 4393 902 4452 l'irnportsnt,
911 4393 923 4434 'a
931 4390 1045 4450 l'attaque
1052 4398 1134 4432 contre
1142 4387 1174 4432 les
1183 4386 1290 4433 rheteurs

748 4463 945 4523 contemporaius.

780 4542 857 4581 to-tt.
891 4533 917 4579 Si
944 4533 1100 4578 arbitrarer...
1130 4529 1288 4584 aclduxissem,

748 4604 882 4666 l'imparlait
909 4604 1015 4655 d'ahord‚
1034 4603 1057 4648 lc
1076 4597 1288 4662 plus-quc—parl'ait
