3292 5422
556 472 644 526 ear.
677 473 817 527 xxxV.
848 475 882 549 agg
917 475 1078 526 rur-inu.

1326 475 1378 527 ltu

239 621 350 672 turuui
380 629 534 685 suoruru,
567 628 669 695 (literni
696 618 928 671 constructum
953 631 1020 671 uuo
1050 605 1082 670 iu
1105 605 1180 672 loeo
1201 604 1296 697 quui
1319 630 1380 697 per

239 735 456 791 transennam
491 733 749 810 praetereuntes
782 718 926 787 strictim
957 719 1161 812 aspeximus,
1200 720 1232 787 iu
1268 720 1378 811 luceru

240 835 393 928 proferat
410 848 444 902 et
462 859 523 901 suo
544 833 698 928 quidque
723 834 757 902 in
780 826 855 902 loeo
882 835 1037 904 collocet.
1064 842 1144 923 [163]
1173 837 1246 929 Ego
1274 861 1369 922 vero,

242 950 352 1044 inquit
379 953 493 1033 Cotta,
524 976 543 1017 a
570 964 603 1019 te
629 965 723 1045 pet0,
749 951 925 1034 Scaevola,
957 976 1083 1019 —uie
1111 951 1201 1020 enirn
1232 966 1265 1019 et
1290 951 1381 1018 bunc

243 1066 432 1159 Sulpicium
455 1065 598 1160 impedit
617 1066 730 1160 pudor
747 1067 789 1134 ab
816 1065 957 1135 bomine
984 1067 1137 1134 omniurn
1166 1066 1379 1162 gravissimo,
1400 1081 1416 1133 5

179 1266 181 1268 .
242 1181 301 1274 qui
325 1206 433 1275 genus
459 1181 560 1249 liuius
585 1181 678 1250 modi
702 1181 942 1276 disputationis
962 1206 1099 1276 semper
1119 1182 1381 1276 contempserit,

245 1296 343 1381 baec,
375 1321 463 1391 quae
495 1297 547 1365 isti
585 1297 728 1367 forsitan
763 1322 952 1390 puerorum
985 1297 1155 1367 elementa
1185 1297 1381 1391 videantur,

244 1413 438 1507 exquirere,
460 1414 584 1482 -sed
608 1397 754 1482 tubane
779 1413 880 1482 nobis
900 1413 1258 1501 veniam,·Seaevola,
1287 1414 1330 1482 da
1353 1427 1387 1483 et

246 1527 385 1622 perfice,
421 1543 459 1597 ut
485 1531 628 1598 Crassus
658 1529 755 1613 baec,
795 1553 883 1623 quae
914 1528 1080 1597 coartavit
1111 1544 1145 1599 et
1180 1544 1387 1624 peranguste

245 1643 383 1713 refersit
405 1644 441 1713 in
460 1644 617 1714 oratione
639 1669 712 1730 sua,
733 1644 853 1713 dilatet
875 1644 975 1712 nobis
994 1659 1097 1739 atque
1117 1645 1277 1739 explicet.
1303 1650 1387 1734 [164]
1410 1664 1445 1722 10

248 1761 323 1854 Ego
346 1759 559 1844 mehercule,
591 1760 704 1854 inquit
729 1758 879 1843 Mucius,
908 1773 1007 1829 antea
1039 1774 1151 1830 vestra
1179 1762 1287 1856 magis
1321 1760 1387 1829 boc

252 1900 352 1944 causa
367 1876 525 1945 volebam
544 1901 646 1971 quarn
662 1900 754 1961 mea;
773 1874 996 1969 nequeenim
1018 1889 1113 1944 tanto
1135 1901 1242 1970 opere
1263 1876 1352 1945 banc
1372 1903 1390 1945 a

250 1993 376 2060 Crasso
397 1990 664 2103 disputationem
690 1990 941 2076 desiderabam,
969 2006 1100 2085 quanto
1124 2016 1230 2087 opere
1258 1993 1333 2062 eius
1360 1993 1394 2060 in

253 2106 366 2175 causis
380 2105 538 2176 oratione
558 2106 725 2176 delector.
755 2108 858 2176 Nune
879 2131 974 2191 vero,
998 2110 1134 2193 Crasse,
1160 2133 1234 2177 inea
1253 2133 1393 2203 quoque

251 2221 368 2291 teiam
384 2247 485 2292 causa
505 2248 591 2318 rogo
611 2238 660 2306 ut,
688 2222 851 2317 quoniam
868 2237 999 2292 tanturn
1021 2221 1186 2292 babemus
1204 2224 1264 2292 otii
1284 2250 1395 2318 quan·
1416 2243 1449 2295 15

284 2412 332 2458 ΝΕ.
356 2416 375 2455 t.
398 2423 468 2471 quom
490 2408 549 2454 omis
569 2423 612 2468 per
628 2410 657 2453 ll.
679 2433 711 2443 -
726 2407 752 2452 in
772 2425 817 2452 rruo
837 2410 866 2453 ll.
891 2425 993 2469 -quns
1011 2407 1396 2471 (der'antqunsilennurrge11¹3

252 2481 309 2526 d'ou
323 2489 370 2542 ant
387 2479 428 2526 11³.
446 2507 477 2517 -
490 2488 537 2526 sn.
553 2480 596 2525 sed
606 2489 632 2523 tu
646 2479 704 2525 hunc
717 2479 785 2524 nobie
801 2479 894 2524 rrcrrinm
908 2480 1014 2525 scaevola
1026 2491 1047 2525 et
1058 2480 1148 2542 perstre
1166 2483 1184 2526 lt
1202 2482 1271 2541 (laurac
1287 2482 1353 2528 nobis
1367 2484 1399 2528 du

252 2553 347 2598 uniam
367 2550 420 2614 11²);
440 2552 501 2598 darre
520 2551 586 2597 nobie
600 2551 693 2597 nenium
708 2551 740 2619 do
749 2549 788 2605 οῖς
810 2552 852 2596 sed
866 2543 893 2594 tn
906 2551 947 2596 lroc
962 2551 1030 2596 nobis
1044 2552 1076 2596 dn
1096 2539 1204 2597 sinendo
1226 2563 1248 2596 et
1264 2554 1355 2615 persice
1370 2557 1397 2601 L.

254 2623 526 2683 r'riedricheoojeetore
542 2623 585 2668 eed
597 2624 629 2668 dn
647 2622 709 2667 horre
731 2621 798 2666 nodis
818 2621 909 2667 verrium
931 2621 1025 2682 d'upres
1040 2629 1080 2677 tt,
1105 2630 1147 2671 on:
1164 2618 1279 2668 insistit·
1297 2640 1328 2683 pu
1345 2625 1398 2668 luis-

253 2713 295 2741 ser
309 2695 404 2741 tontber
417 2695 450 2739 da
467 2693 537 2755 uprts
558 2695 679 2740 Scaevola.
697 2719 729 2729 -
744 2701 765 2738 8.
782 2704 805 2739 et
821 2693 881 2739 omis
900 2709 988 2753 parm.
1005 2719 1036 2729 -
1058 2701 1093 2738 ta.
1114 2694 1164 2739 cius
1179 2695 1239 2738 ornis
1262 2711 1305 2754 por
1324 2698 1352 2740 ll.
1368 2722 1398 2730 —

256 2771 339 2813 wlfi-⁴
349 2783 436 2828 quoqne
448 2765 522 2811 ctiam
536 2767 592 2819 Mes,
608 2782 654 2827 que
668 2764 758 2811 defend
772 2763 901 2819 Friedrich,
920 2764 1004 2809 faisant
1027 2774 1156 2825 rapporter
1174 2783 1262 2827 quoque
1278 2766 1290 2810 ir
1305 2783 1357 2812 mco
1376 2777 1399 2810 rt

254 2838 330 2884 etiem
347 2841 360 2882 lt
377 2853 496 2900 regmen
513 2853 540 2882 ee
562 2853 601 2881 cur
620 2836 692 2882 etiarn
712 2853 742 2881 ne
763 2835 856 2882 devruit
872 2852 913 2896 pas
933 2836 984 2882 titre
1000 2826 1100 2881 enc'adre
1121 2846 1189 2883 entre
1207 2854 1259 2882 mco
1280 2848 1304 2884 ct
1318 2854 1397 2883 corun.

255 2909 349 2956 Piderit
370 2909 418 2954 cite
434 2908 459 2953 r'n
482 2910 555 2953 Vcrr.
572 2910 604 2964 ll,
622 2914 645 2962 a,
665 2916 704 2963 88,
723 2914 782 2961 toln
799 2907 857 2952 mais
872 2908 894 2952 ta
909 2909 975 2966 lcqon
990 2919 1026 2953 cot
1042 2919 1159 2968 suspecte.
1183 2913 1216 2955 nu
1235 2909 1362 2964 contraire,
1378 2910 1399 2953 lu

254 2979 410 3027 substitution
422 2982 453 3026 de
468 2990 491 3024 tc
508 2978 584 3025 inm'a
602 2978 675 3024 etium
690 2977 828 3040 (Xiessling,
848 2977 934 3026 uteba.
950 2980 1014 3024 Mus.
1035 2982 1106 3035 XXX,
1122 2995 1146 3039 p.
1163 2980 1218 3041 tar)
1237 2991 1272 3026 est
1287 2980 1328 3026 dcc
1347 2981 1400 3041 plus

254 3052 354 3113 sinrples
368 3061 393 3096 et
408 3050 450 3096 des
462 3050 514 3111 plus
529 3047 708 3095 satisfaisuntes.
728 3048 777 3104 Cb,
796 3066 825 3094 en
834 3060 913 3106 outre,
931 3056 968 3104 2⁰,
987 3057 1029 3096 133
1049 3067 1054 3094 :
1074 3062 1095 3095 tc
1113 3050 1159 3095 r'arn
1176 3067 1304 3096 exoremus.

256 3204 294 3250 Cf.
309 3205 407 3258 llorncc,
418 3203 462 3264 Ep.
483 3204 501 3255 l,
516 3207 539 3253 7.
552 3209 601 3247 ⁶25:
618 3221 628 3242 u
643 3202 712 3257 Quod
728 3200 746 3245 si
761 3216 798 3244 mo

256 3275 322 3320 noles
344 3289 440 3335 uupuurn
464 3273 598 3328 discedere,
621 3273 709 3319 reddes
728 3274 799 3317 Forte

257 3347 358 3394 latus...
378 3364 388 3386 ι

292 3423 312 3462 t.
332 3421 492 3464 constructam
507 3415 583 3476 reug
601 3422 653 3460 tot.

292 3495 338 3534 t-a.
358 3488 403 3532 Per
410 3496 568 3532 transennam.
579 3487 694 3533 Locution
705 3501 801 3547 prover-

259 3559 320 3605 biale
335 3576 340 3602 ι
357 3554 408 3602 roir
426 3557 586 3618 repridernent,
606 3559 666 3603 donc
688 3557 750 3612 mol,
772 3572 801 3600 ue

259 3631 317 3676 faire
327 3629 489 3691 qu'entreroir
501 3644 594 3674 comme
612 3651 623 3669 ι
636 3632 648 3672 b
664 3639 756 3674 trevere
771 3643 801 3671 uu

258 3701 356 3763 grillnge
371 3719 392 3746 a.
406 3703 439 3747 Le
451 3711 577 3746 transenna
592 3703 670 3761 paruit
684 3700 749 3745 avoir
763 3696 802 3744 ete

259 3773 366 3833 toujours
392 3771 449 3817 eben
475 3773 559 3816 Plauto
586 3787 616 3814 un
644 3770 713 3832 piege
742 3785 803 3830 pour

260 3843 361 3906 pirendre
381 3841 414 3887 len
431 3843 508 3906 griree
531 3841 652 3899 (Bocclid.
675 3848 734 3892 tw
753 3841 802 3887 llu-

259 3915 314 3960 dens
330 3918 402 3969 ⁴2³63
414 3915 487 3959 Persa
499 3912 563 3973 ⁴³⁰l·
575 3914 628 3958 Ello
638 3910 672 3956 sut
686 3910 749 3958 aussi
758 3927 803 3956 une

260 3987 350 4031 teneare
377 3984 545 4030 'ecluire-role
566 3999 623 4029 aree
646 3981 750 4044 laquelle
777 3998 804 4027 ce

260 4057 330 4120 piege
337 4055 399 4101 erait
409 4071 462 4100 rans
470 4056 542 4101 doute
549 4057 579 4101 de
590 4055 612 4100 la
619 4055 804 4108 reesernblance3

260 4127 340 4174 e'eteit
348 4143 379 4173 en
389 4126 535 4189 particulicr‚
548 4126 644 4172 cbezles
655 4125 805 4178 merobaude,

262 4213 293 4243 un
315 4196 416 4258 grilloge
430 4198 472 4258 qui
493 4197 581 4242 luiseait
606 4196 657 4242 voir
678 4197 711 4241 les
729 4196 806 4255 objets

262 4267 356 4329 expose's
369 4284 398 4313 en
413 4278 495 4323 vente,
515 4278 567 4313 tout
582 4283 611 4313 eu
630 4268 663 4312 lrs
678 4268 805 4311 mettuotu

263 4340 330 4387 l’ebri
344 4340 388 4385 des
403 4339 479 4385 moine
489 4339 638 4386 indiscretes.
652 4365 683 4373 —
695 4340 805 4384 Praeter-

263 4421 352 4463 eamus,
367 4409 466 4455 strictim
479 4410 617 4456 renloreent
630 4409 701 4455 t'iute
722 4409 752 4452 de
766 4423 809 4469 per

264 4492 435 4526 transennam:
457 4502 468 4523 α
482 4481 552 4527 ebore
568 4498 610 4527 rue
626 4498 654 4526 en
676 4490 779 4540 pressant,
796 4481 807 4522 ‘a

265 4554 286 4597 la
299 4551 404 4597 derobee
422 4571 443 4597 n.

344 4671 377 4709 nt:
393 4671 516 4709 eunoun.

887 3206 938 3245 tt·7.
957 3203 1132 3263 contempserit.
1154 3201 1192 3248 (Ξῖ.
1210 3211 1249 3263 tt,
1264 3209 1326 3248 noer
1345 3200 1399 3260 lotz

855 3277 894 3327 tl,
915 3278 974 3327 ΗΜ
993 3278 1030 3329 30,
1049 3280 1100 3319 tto.
1116 3299 1148 3309 -
1165 3275 1219 3330 Isti,
1238 3277 1292 3320 lice
1306 3280 1400 3323 Crassus

855 3342 913 3388 dont
923 3352 948 3388 tu
962 3345 1050 3403 parles.

887 3421 909 3458 8.
921 3415 1051 3475 Requirere
1059 3415 1162 3477 impedit,
1173 3428 1260 3464 constr.
1269 3435 1331 3464 assez
1338 3436 1399 3465 rure.

856 3511 887 3520 -
897 3486 945 3530 sed
956 3485 1054 3546 indique
1067 3488 1176 3549 qu'upres
1191 3490 1213 3533 lu
1224 3491 1360 3550 parentatio
1371 3507 1401 3535 ou

856 3558 950 3602 revient
960 3573 988 3601 au
1002 3559 1063 3617 sujet
1076 3560 1212 3606 commeare
1227 3560 1267 3622 (el.
1284 3567 1322 3616 ³²2,
1338 3560 1399 3622 itt).

857 3629 935 3673 neme
943 3629 1029 3688 ernploi
1036 3631 1066 3673 dc
1072 3631 1113 3674 sed
1120 3642 1205 3685 nemen,
1211 3633 1291 3693 igitur,
1298 3638 1399 3694 inquam.

889 3706 941 3744 n-a.
960 3701 1027 3744 Hune
1039 3702 1174 3746 veniuntur.
1185 3701 1221 3747 Cl.
1234 3710 1272 3753 nt,
1282 3712 1320 3750 aa.
1331 3727 1361 3736 -
1370 3704 1401 3746 Et

855 3769 941 3831 perfice
956 3768 1015 3825 (roir
1029 3770 1097 3827 No),
1115 3793 1124 3811 u
1138 3770 1249 3816 lais-nous
1262 3783 1322 3818 cette
1333 3774 1402 3834 gralce

859 3839 981 3884 etobtiens
990 3856 1034 3900 que
1043 3861 1062 3891 n,
1074 3840 1143 3901 fanon
1151 3842 1267 3888 tamititro
1277 3854 1299 3888 et
1307 3844 1367 3898 rire,
1374 3860 1402 3887 nu

859 3911 906 3954 lieu
917 3911 946 3953 dc
956 3930 967 3950 ι
978 3907 1088 3956 inienuus
1097 3923 1160 3957 cette
1171 3919 1243 3975 grace
1252 3915 1370 3959 d'obtenir
1381 3934 1391 3954 n

893 3988 928 4024 tt.
949 3982 1089 4027 Metro-cute.
1108 3984 1172 4044 Cl.§
1189 3991 1241 4029 ttt.

894 4057 974 4096 tlt-tl.
993 4053 1051 4096 Eius
1063 4054 1088 4096 t'n
1102 4054 1180 4098 causis
1198 4055 1310 4106 oratioue,
1327 4075 1338 4095 e
1362 4072 1406 4117 par

861 4138 896 4166 ses
910 4121 1158 4181 discoursjudiciuires
1172 4146 1192 4169 ιι.
1209 4129 1236 4170 Iu
1255 4126 1332 4170 cuuis
1347 4126 1407 4173 ainsi

861 4193 928 4252 place
943 4193 1020 4253 prend
1035 4195 1056 4239 la
1072 4195 1152 4240 veleur
1166 4197 1220 4239 d'uu
1235 4196 1336 4256 adjecrit
1347 4214 1406 4259 qua·

862 4264 960 4308 lificntif.
979 4268 1025 4310 Sur
1038 4277 1102 4312 cctte
1110 4268 1267 4314 construction
1283 4267 1407 4330 frequente

863 4347 887 4381 et
902 4334 971 4380 facile
989 4353 1018 4381 en
1030 4353 1095 4400 grec,
1109 4339 1232 4399 beaucoup
1246 4341 1301 4398 plus
1316 4357 1367 4387 rure
1384 4352 1409 4386 et

864 4408 914 4466 plus
929 4405 987 4451 dure
1003 4408 1117 4463 calatin,
1134 4408 1164 4453 et.
1187 4410 1312 4463 Riemann,
1339 4416 1408 4473 Syut.

863 4480 914 4539 §⁶¹
932 4496 955 4537 p.
971 4486 1008 4528 ⁴5.

899 4556 934 4593 lb.
956 4552 1024 4595 tin...
1040 4566 1068 4594 nc
1084 4549 1122 4611 (au
1137 4551 1183 4598 lieu
1196 4553 1225 4596 rlo
1241 4569 1268 4598 ne
1284 4563 1336 4597 tout
1352 4552 1411 4612 seul)

1271 4661 1285 4706 9
