3292 5422
506 498 543 553 48
842 498 896 551 DE
924 496 1148 562 ORATORE,
1176 498 1259 552 LlB.
1290 500 1316 554 1.

508 654 577 722 quo
605 629 639 696 in
665 628 752 697 libro
777 628 812 696 in
841 628 907 696 hoe
934 628 1080 697 mantne
1109 628 1303 698 admirabar
1333 632 1525 719 Platonem,
1554 634 1642 728 quod

507 743 591 811 inihi
614 742 677 840 [in]
701 744 895 813 oratoribus
925 743 1110 814 irridendis
1141 744 1213 839 ipse
1240 769 1313 815 esse
1348 762 1465 817 orator
1495 775 1644 819 suminus

506 859 698 928 videbatur.
723 860 831 930 Verbi
849 861 939 930 enirn
959 859 1191 929 controversia
1213 861 1356 930 iamdiu
1376 878 1516 958 torquet
1535 868 1644 934 Grae-

506 976 601 1044 culos
620 974 788 1059 ltoruines,
809 975 1040 1045 contentionis
1060 975 1256 1069 cupidiores
1276 1003 1378 1072 quatu
1399 981 1565 1049 veritatis.
1587 992 1642 1064 [titt

474 1094 593 1161 5Naru
616 1091 644 1160 si
669 1091 745 1186 quis
766 1091 858 1161 hunc
881 1093 996 1161 statuit
1021 1117 1094 1161 esse
1118 1107 1303 1177 oratorem,
1323 1095 1381 1187 qui
1409 1097 1644 1165 tantummodo

507 1208 541 1276 iu
568 1208 642 1276 iuro
671 1224 729 1276 aut
759 1208 794 1276 iu
825 1207 960 1276 iudiciis
987 1207 1092 1302 possit
1121 1221 1180 1275 aut
1209 1209 1299 1303 apud
1331 1211 1497 1304 populuru
1527 1227 1586 1281 aut
1614 1213 1644 1281 in

506 1338 626 1394 senatu
648 1324 787 1419 copiose
807 1324 914 1418 loqui,
933 1339 1048 1393 tamen
1064 1323 1145 1392 huic
1165 1324 1228 1418 ipsi
1245 1325 1351 1393 multa
1367 1326 1497 1395 tribuat
1513 1342 1546 1396 et
1564 1353 1628 1397 con

508 1441 607 1510 cedat
626 1465 766 1510 necesse
789 1455 851 1509 est.
880 1441 1004 1533 Neque
1033 1439 1123 1509 enirn
1152 1440 1224 1510 sine
1251 1441 1357 1510 inulta
1381 1445 1644 1536 pertractation.

507 1556 660 1625 omniunt
690 1581 806 1625 rerum
834 1555 1062 1651 publicarum,
1090 1579 1203 1650 neque
1232 1555 1304 1626 sine
1338 1557 1465 1653 legum,
1498 1585 1643 1642 tuorum,

539 1735 588 1780 ΝΟ.
607 1741 627 1779 t.
640 1733 664 1778 iu
677 1734 717 1778 lwt'
728 1732 823 1787 MPO²;
839 1734 878 1778 too
898 1749 920 1776 m
930 1730 960 1777 0¹
976 1731 1091 1793 (Ellendt,
1107 1732 1208 1789 Piderit,
1224 1736 1323 1794 Kayser,
1335 1736 1423 1793 adum
1441 1738 1500 1783 nutis
1514 1737 1545 1783 ct.
1562 1741 1592 1794 ll,
1611 1744 1637 1783 tu

508 1807 571 1868 316).
582 1832 613 1841 -
625 1821 647 1852 n.
662 1805 793 1850 oratoribus
804 1822 856 1850 saus
870 1806 894 1850 in
905 1807 931 1850 Μ
940 1802 994 1866 Lg¹
1005 1807 1062 1865 Ing.
1079 1811 1145 1849 :tt-a.
1161 1830 1192 1839 -
1202 1814 1224 1849 o.
1239 1806 1313 1851 autin
1322 1806 1414 1852 iudiciis
1428 1811 1454 1854 Μ
1468 1808 1500 1871 (et
1515 1810 1539 1854 in
1556 1810 1637 1855 iudicii

508 1876 537 1924 Ηί
558 1876 645 1937 adoptie
667 1894 710 1938 par
723 1881 823 1937 Kayser,
842 1876 942 1933 Piderit,
963 1874 1052 1937 autu).
1068 1901 1099 1910 -
1112 1882 1232 1920 nurerum
1247 1878 1423 1932 mumius)
1437 1881 1498 1937 vet';
1513 1882 1545 1930 cl.
1558 1889 1593 1931 to.
1609 1888 1645 1925 39.

508 2055 551 2098 quo
566 2047 673 2098 patrono,
689 2046 714 2080 ut
731 2034 799 2080 Pluto
818 2035 900 2088 noluit,
918 2032 1052 2096 philosopho
1107 2033 1120 2078 ia
1138 2032 1278 2095 l'itrangen
1292 2036 1391 2082 Romaiu
1405 2037 1497 2082 sirienx
1509 2047 1532 2083 et
1544 2039 1640 2099 grave,i

507 2108 628 2154 surrrrbru't
639 2106 733 2168 orator).
745 2107 830 2164 annd
842 2105 985 2153 eicerentur
994 2121 1050 2149 orn-

509 2179 594 2223 toribus
607 2178 742 2230 irridendis,
757 2193 848 2222 eomme
864 2177 901 2240 iet,
911 2177 927 2222 il
941 2175 1049 2239 exagere.

511 2251 592 2295 Platon
606 2250 665 2294 n'est
683 2265 724 2308 pas
742 2249 850 2294 l'ennemi
871 2251 900 2293 tle
922 2260 988 2295 toute
1000 2247 1050 2292 s'elo·

509 2337 614 2380 quence;
627 2321 642 2366 il
658 2330 755 2381 ottoque
767 2320 789 2363 la
804 2320 886 2380 parole
900 2321 930 2364 de
942 2319 1051 2380 Gorgias,

510 2401 546 2438 art
557 2393 586 2437 de
598 2407 737 2452 menningo,
750 2391 890 2437 instrument
903 2391 933 2436 de
945 2389 1052 2451 eupiditi

510 2475 534 2509 et
551 2465 581 2509 de
597 2463 753 2525 diminution,
771 2462 827 2507 mais
844 2478 891 2506 ιιυιι
908 2463 975 2523 point
994 2461 1052 2506 celle

510 2536 559 2598 qui,
574 2535 681 2597 appuyiee
697 2552 736 2580 sur
753 2534 774 2578 ln
787 2534 874 2579 murale
892 2544 916 2579 et
928 2534 951 2577 ln
962 2534 1051 2578 dialec-

509 2609 584 2668 tiqne,
607 2624 631 2652 ae
645 2617 694 2652 ruet
711 2624 740 2651 nu
755 2605 842 2651 service
859 2605 890 2649 dn
910 2605 957 2650 vrai
979 2615 1003 2650 et
1020 2604 1053 2649 du

507 2682 576 2740 juste.
599 2678 761 2739 L'expression
780 2686 815 2723 est
832 2676 884 2737 plus
901 2686 983 2722 exacte
995 2675 1053 2720 dnus

509 2752 613 2797 l'Orator
635 2749 684 2813 (ta,
701 2748 759 2811 ⁴²l²
775 2769 785 2790 n
803 2749 900 2793 Plato...
921 2747 1054 2808 exagitator

446 2858 449 2863 «
510 2822 615 2868 omnium
633 2824 746 2867 rhetorum
765 2839 785 2865 n.

543 2901 563 2938 l.
578 2896 605 2939 In
625 2894 673 2938 lure.
688 2893 746 2937 Voir
759 2893 806 2938 ΝΟ.

541 2960 1053 3022 2.0rntoribusirridendir.Regulierement,

510 3036 608 3082 l’sblatil
619 3034 768 3096 dugirondii
776 3049 827 3078 sans
838 3033 984 3093 prepositum
992 3048 1054 3077 nune

510 3111 591 3154 veleur
602 3107 765 3152 d’instrument
774 3119 805 3148 ou
814 3105 846 3149 de
859 3118 945 3163 moyen
956 3101 1053 3165 (zora-

511 3192 572 3225 torcs
585 3177 721 3238 irrideudo);
733 3177 803 3227 dune,
815 3174 854 3235 ici,
868 3174 914 3218 l‘on
925 3173 1054 3218 utteudruit

510 3263 610 3296 oratores
619 3249 718 3293 irridens
728 3263 759 3292 ou
767 3248 821 3291 dum
831 3255 935 3289 oratores
945 3245 1054 3290 irridebat

511 3339 542 3366 ou
557 3324 617 3365 enlin
636 3321 660 3364 in
670 3318 799 3364 oratoribus
812 3315 943 3359 irridendis.
965 3318 1056 3375 Cepeu·

512 3393 567 3436 dent
578 3390 679 3450 l'emploi
690 3386 826 3433 ‹lel'ublutii
835 3387 865 3430 du
879 3384 988 3446 giuondil'
996 3388 1055 3440 seut,

512 3481 540 3507 au
555 3478 604 3507 sens
621 3462 651 3506 de
666 3457 770 3504 l'ablutil
787 3473 842 3502 aree
864 3456 896 3508 iu,
912 3457 972 3501 n’est
989 3458 1056 3516 point

512 3550 564 3578 snus
583 3533 689 3592 exemplo
710 3530 750 3593 (ef.
770 3533 838 3573 Orat.
853 3535 893 3583 68,
912 3526 975 3589 228).
1000 3529 1056 3574 Voir

512 3607 637 3667 Riemann,
660 3608 728 3662 Synt.
748 3601 830 3662 5253,
843 3601 911 3644 nem.
925 3600 943 3650 1,
959 3615 983 3658 p.
1000 3607 1055 3650 ttit.

544 3684 566 3722 ³.
585 3675 657 3721 Verbi
675 3670 835 3720 controversia.
861 3671 967 3731 L'esprit
991 3688 1054 3732 gree,

512 3749 559 3795 tris
573 3748 638 3802 lin,u
662 3762 706 3792 une
729 3745 849 3790 tendanee
870 3744 918 3787 'ola
938 3743 1054 3797 subtilite3

510 3819 637 3866 voloutiers
661 3818 798 3863 rrisunneur
829 3828 854 3862 et
879 3815 1012 3875 disputeur,
1039 3816 1055 3860 it

511 3908 540 3937 en
560 3892 623 3937 vient
643 3888 767 3935 assentite
790 3905 862 3933 «ειη
887 3888 1003 3947 querelles
1027 3887 1056 3932 de

511 3975 573 4010 muts
596 3983 616 4007 ι.
638 3964 723 4007 Platon
743 3959 880 4022 rependent
904 3974 929 4004 ee
948 3957 1056 4003 surveille

511 4050 612 4095 presque
627 4036 744 4092 toujuurs,
760 4042 785 4078 et
800 4032 902 4077 Cicerou
916 4029 993 4074 euenit
1008 4038 1057 4074 tort

511 4107 541 4150 de
555 4108 577 4150 le
591 4119 678 4166 sanger
690 4104 767 4163 pnrmi
787 4102 822 4147 les
840 4100 951 4146 Graeculi
963 4110 1055 4144 couten-

511 4176 581 4220 tionis
592 4174 722 4234 cupidiores
736 4190 804 4234 qrtum
819 4171 932 4217 veritatis.

544 4252 597 4291 3-4,
616 4246 781 4292 Graeculae...
804 4247 838 4289 En
851 4244 973 4293 nonnette,
986 4243 1055 4303 juge-

512 4327 576 4362 ment
586 4316 634 4360 tris
647 4316 708 4374 juste
724 4332 784 4376 pour
796 4316 831 4359 les
838 4313 953 4374 sophistes
961 4324 985 4357 et
997 4328 1058 4372 pour

512 4405 569 4433 ceux
586 4388 626 4447 qni
641 4387 692 4431 leur
716 4387 880 4438 ressemblent,
901 4386 934 4429 les
947 4383 1061 4429 rltiteurs

513 4461 542 4504 de
555 4460 696 4518 profession.
715 4457 815 4503 Ciciron
837 4473 849 4501 n
870 4458 985 4517 plusieurs
1008 4456 1057 4500 rni-

513 4546 566 4575 sons
578 4531 607 4574 de
623 4530 754 4590 ‹ledriguer
767 4549 778 4569 α
789 4544 827 4573 ees
837 4528 939 4572 mnndits
953 4530 1025 4573 Grees
1034 4547 1056 4571 n.

514 4601 630 4657 Patriote,
647 4600 662 4645 il
679 4609 734 4646 veut
747 4603 851 4660 paraltre
865 4614 895 4643 ne
910 4599 960 4643 rien
973 4598 1058 4643 devoir

1106 2105 1207 2165 mdprise
1222 2122 1260 2151 res
1271 2107 1365 2152 frivolos
1386 2108 1570 2161 deelaututenrs,
1585 2125 1635 2154 urnu

1105 2192 1169 2222 seurs
1198 2177 1302 2236 publicu
1328 2189 1412 2224 auteur
1436 2180 1493 2223 d'un
1521 2178 1604 2231 truite,
1633 2179 1639 2223 i

1106 2249 1194 2293 entend
1213 2264 1237 2293 ne
1253 2249 1348 2309 se'pnrer
1366 2250 1516 2296 abnolnment
1539 2252 1581 2296 des
1598 2267 1638 2311 gen

1106 2319 1196 2364 d'iecole
1208 2331 1232 2365 et
1245 2319 1303 2367 faire
1314 2338 1392 2368 oenvre
1400 2321 1522 2382 originale.
1537 2325 1573 2368 En
1586 2332 1646 2367 tout

1106 2392 1224 2444 occasion,
1236 2391 1252 2436 il
1266 2392 1375 2438 alliehern
1398 2393 1419 2437 le
1431 2395 1507 2438 meme
1523 2393 1640 2442 dedeime

1107 2473 1204 2509 sourent
1216 2480 1245 2508 eu
1254 2480 1278 2509 se
1290 2475 1385 2510 serrant
1396 2467 1427 2510 du
1439 2465 1645 2510 memediminntil

1107 2534 1141 2580 ct.
1156 2542 1195 2589 nn,
1211 2542 1271 2591 ⁸023
1285 2544 1322 2591 st,
1338 2544 1392 2586 ent.

1139 2614 1160 2650 tr.
1180 2609 1240 2653 Num
1255 2608 1365 2668 expliqne
1379 2607 1402 2652 le
1417 2608 1459 2652 sed
1466 2623 1509 2668 ego
1524 2606 1641 2669 nequeilii

1107 2678 1250 2723 assentiebar
1263 2679 1293 2722 du
1310 2678 1383 2724 debut
1400 2679 1455 2740 ‹lng
1472 2684 1511 2726 ⁴7.

1140 2756 1163 2794 o.
1180 2749 1209 2793 In
1222 2747 1280 2800 iure,
1294 2768 1305 2790 e
1320 2750 1406 2795 derant
1426 2751 1448 2795 le
1465 2750 1563 2810 prieteur
1584 2772 1595 2791 n
1613 2749 1644 2810 (ei

1108 2820 1136 2880 ᾗῇ
1148 2827 1174 2864 tt
1190 2829 1214 2864 et
1228 2820 1275 2882 tn).
1292 2821 1353 2866 C'est
1367 2820 1388 2865 la
1409 2821 1529 2881 premiere
1543 2821 1646 2882 {thored

1108 2892 1244 2945 l’instunce3
1259 2892 1280 2935 le
1294 2891 1391 2952 pretenr
1404 2892 1498 2944 decide,
1510 2893 1580 2952 apres
1588 2893 1640 2937 audi

1108 2963 1160 3009 tion
1173 2962 1214 3008 des
1228 2962 1325 3022 parties,
1338 2963 1372 3008 s'il
1386 2963 1646 3023 yarrairnenttnatiir

1109 3037 1121 3080 it
1137 3033 1229 3095 proris,
1240 3035 1313 3079 classe
1326 3033 1425 3080 l'afl'aire
1438 3036 1496 3080 dans
1511 3050 1558 3081 une
1570 3035 1646 3096 espec

1107 3106 1227 3166 juridique
1241 3116 1265 3150 et
1277 3106 1321 3150 lire
1332 3106 1354 3150 le
1368 3105 1435 3166 point
1451 3108 1481 3152 de
1494 3107 1567 3154 droit.
1580 3132 1611 3142 -
1626 3110 1638 3152 l

1111 3175 1214 3220 iudiciis.
1227 3175 1335 3220 Secunde
1349 3176 1420 3236 phase
1438 3195 1443 3222 ε
1464 3179 1485 3223 la
1499 3177 1608 3239 question
1621 3178 1646 3221 da

1110 3246 1152 3292 init
1164 3258 1199 3292 est
1211 3247 1324 3292 trunchie
1342 3264 1386 3308 par
1405 3250 1437 3294 les
1450 3250 1516 3309 jurys
1528 3250 1571 3295 den
1582 3250 1641 3294 tribu

1110 3335 1169 3363 nanu
1184 3328 1332 3378 permanente
1349 3335 1379 3363 on
1397 3335 1439 3378 par
1456 3320 1499 3365 des
1514 3322 1583 3381 juges
1603 3318 1642 3379 spe

1110 3391 1178 3434 riuux
1190 3406 1220 3434 on
1237 3406 1281 3449 prr
1305 3391 1346 3434 des
1371 3391 1477 3445 arbitres,
1497 3401 1550 3436 tous
1570 3391 1640 3436 eltuisi

1110 3477 1151 3506 eur
1163 3460 1258 3504 l'ulbum
1272 3459 1375 3505 iudt'cum
1396 3478 1443 3522 que
1461 3463 1544 3508 dresse
1563 3464 1646 3522 elraqn

1111 3531 1184 3576 annie
1205 3533 1227 3577 le
1249 3530 1346 3590 priteur
1369 3533 1460 3577 urbnin.
1477 3533 1537 3578 Voir
1553 3533 1642 3579 Bourhe

1110 3603 1232 3663 Leelercq,
1244 3602 1409 3658 tasnatum,
1420 3619 1446 3663 p.
1459 3609 1571 3650 toa-tat.
1582 3630 1612 3639 -
1626 3605 1640 3648 1

1111 3680 1162 3718 iure
1175 3677 1231 3719 etin
1243 3673 1341 3717 iudiciis
1353 3674 1440 3719 n’itant
1454 3690 1643 3736 pussynouymes

1111 3745 1127 3789 il
1139 3745 1177 3804 n'y
1191 3760 1203 3788 e
1216 3759 1258 3805 pas
1278 3744 1325 3787 lieu
1349 3745 1379 3789 de
1401 3745 1530 3791 substituer
1547 3756 1570 3790 et
1586 3748 1598 3789 ἰ
1614 3760 1643 3787 uu

1111 3825 1177 3861 entre
1191 3816 1225 3860 les
1238 3816 1299 3859 deux
1315 3825 1412 3869 termes,
1432 3832 1524 3862 comme
1539 3817 1599 3862 l'ont
1614 3814 1642 3859 ui

1110 3886 1226 3946 quelques
1242 3885 1346 3930 editenrs
1359 3887 1423 3950 (uuir
1439 3888 1511 3949 NG.):
1525 3903 1556 3933 on
1573 3886 1625 3931 bien
1638 3886 1644 3930 i

1110 3957 1213 4003 sondrait
1240 3957 1310 4010 aussi,
1339 3973 1400 4018 pour
1418 3972 1522 4019 opposer
1545 3958 1568 4004 le
1586 3973 1624 4018 ge

1109 4029 1236 4090 judieiaire
1265 4046 1293 4073 uu
1315 4045 1387 4090 genre
1409 4027 1556 4084 deliberatis,
1582 4027 1641 4073 derit

1111 4102 1175 4162 opud
1183 4100 1294 4162 populum
1308 4111 1330 4144 et
1344 4100 1368 4145 iu
1383 4110 1476 4145 senatu.

1143 4176 1165 4216 7.
1183 4173 1243 4217 Huic
1257 4171 1311 4233 ipsi,
1328 4191 1338 4212 ιι
1358 4172 1371 4216 ir
1390 4173 1502 4218 l'orrteur
1521 4169 1554 4216 tel
1574 4185 1620 4230 que
1631 4169 1639 4227 j

1112 4243 1176 4288 triens
1190 4244 1219 4288 de
1235 4244 1257 4288 le
1271 4242 1357 4287 definir
1370 4263 1381 4283 ι
1397 4241 1439 4305 (en
1454 4242 1557 4288 limitent
1566 4256 1608 4287 eon
1622 4256 1646 4284 a·

1113 4313 1178 4359 tivitt'e
1187 4330 1216 4359 nn
1227 4315 1326 4359 barre-au
1334 4324 1358 4359 et
1369 4331 1414 4359 nux
1422 4313 1564 4359 assemblees
1573 4312 1618 4359 deli
1639 4311 1643 4319 '

1113 4384 1207 4447 rantes).
1224 4384 1260 4433 Cf.
1287 4392 1309 4439 o,
1329 4393 1368 4447 22,
1387 4387 1409 4431 Ιι
1433 4396 1489 4430 note
1507 4400 1547 4430 aur
1561 4384 1641 4429 immen

1111 4473 1161 4500 sum
1172 4456 1345 4518 infinitumque.

1144 4535 1166 4572 n.
1184 4530 1283 4588 Legum,
1309 4544 1405 4582 morum,
1429 4527 1496 4583 iuris,
1522 4527 1641 4574 distinctio

1113 4598 1165 4657 dejit
1193 4599 1282 4643 etablie
1306 4597 1498 4659 precedemment
1531 4599 1582 4660 (10,
1608 4596 1645 4659 39)
