3292 5422
307 457 366 511 :²10
651 458 706 512 DE
731 455 950 522 ORATORE‚
973 456 1056 512 ΗΒ.
1085 456 1112 511 l.

307 613 409 681 qumu
436 603 473 657 tu
499 588 608 673 titum,
635 587 867 658 solitudinem.
892 587 1090 657 Subsidium
1111 587 1203 657 enim
1223 587 1454 659 bellissimum

307 703 462 773 existimo
478 729 551 775 esse
566 704 733 775 senectuti
755 703 876 773 otium.

357 827 439 908 1²36]
470 821 614 916 Reliqua
643 846 726 890 vero
750 820 881 891 etiamsi
905 819 1081 903 adiuvant,
1112 819 1288 889 historiam
1310 821 1394 891 dieo
1419 837 1448 892 et

306 934 524 1028 prudentiam
555 935 638 1005 iuris
661 936 788 1031 publici
818 950 853 1005 et
876 933 1118 1029 antiquitatem
1152 950 1186 1004 et
1211 939 1448 1032 exemplorum

272 1051 453 1146 5eopiam‚
488 1052 514 1121 si
544 1051 683 1145 quaudo
707 1076 794 1146 opus
814 1050 892 1135 erit,
916 1049 1028 1119 aviro
1054 1050 1184 1146 optimo
1202 1065 1237 1121 et
1257 1051 1331 1121 istis
1350 1054 1449 1123 rebus

306 1154 579 1252 instructissimo,
621 1166 777 1236 familiari
817 1191 895 1236 meo
926 1168 1049 1261 Congo
1079 1169 1276 1236 mutuabor.
1327 1170 1448 1263 Neque

305 1285 506 1379 repugnabo
530 1283 747 1378 quominus,
771 1281 805 1350 id
831 1280 924 1375 quod
950 1281 1053 1350 modo
1076 1282 1231 1352 hortatus
1260 1307 1311 1368 es,
1336 1285 1447 1352 omnia

305 1398 431 1492 legant,
455 1398 570 1467 omnia
597 1398 748 1481 audiant,
780 1399 815 1466 in
839 1397 932 1466 omni
956 1412 1053 1467 recto
1072 1398 1186 1467 studio
1205 1413 1309 1492 atque
1331 1398 1446 1470 huma·

334 1633 381 1678 NC.
417 1637 437 1674 t.
470 1628 625 1690 ‹stetiquitutis
654 1629 698 1672 itcr
728 1638 750 1671 rt
782 1629 843 1679 Mas.
862 1627 997 1687 expression
1027 1626 1161 1689 singuliere5
1187 1628 1242 1688 quoi
1273 1630 1347 1690 qn'en
1375 1631 1449 1677 disent

303 1705 394 1761 Kayser
412 1711 435 1745 et
462 1701 554 1759 Stangl,
576 1699 616 1760 qui
640 1698 796 1758 l'espliquent
819 1713 911 1742 comme
935 1696 1001 1742 itant
1021 1712 1065 1742 stne
1093 1695 1192 1745 citetion
1209 1697 1264 1743 d'un
1280 1699 1448 1763 ecrivainplns

303 1772 394 1819 ancien.
422 1771 518 1818 Ellendt
533 1786 635 1832 propose
665 1768 695 1814 de
722 1769 767 1813 lise
797 1767 953 1828 antiquitatis
972 1767 1097 1826 notitiam,·
1121 1769 1216 1830 Madvig
1230 1768 1305 1831 (Ado.
1323 1771 1389 1817 Crit.
1407 1775 1445 1825 Ill,

302 1860 327 1904 p.
343 1842 382 1905 aa)
405 1854 427 1887 et
454 1841 608 1903 antiquitatis
625 1840 709 1885 iterum
729 1850 752 1885 et
776 1839 933 1900 exemplorum
961 1839 1060 1900 copiam.
1077 1839 1195 1885 Friedrich
1217 1841 1343 1901 supprime
1364 1843 1446 1893 iteret.

302 1932 393 1961 comme
409 1926 538 1977 provehant
551 1914 622 1959 d'uue
635 1913 757 1959 confusion
771 1927 826 1957 esec
843 1910 890 1956 orit
906 1911 946 1972 qui
963 1912 1009 1956 suit
1023 1909 1088 1973 (δὀὐ
1113 1909 1268 1973 antiquitatis
1292 1915 1446 1977 eaernploran

302 1985 415 2049 rapiant);
430 1987 537 2032 maiales
552 2001 661 2046 passages
675 1984 732 2045 qu'il
748 1982 879 2043 rnpprocho
892 1981 923 2028 tle
937 1983 1035 2027 celui-ci
1048 1998 1076 2027 ne
1091 1981 1196 2027 donuent
1214 2000 1257 2045 pas
1271 1985 1335 2030 deux
1355 1986 1447 2047 ginitih
1483 2026 1486 2031 .

302 2059 436 2117 dependant
455 2059 502 2102 l'un
517 2057 547 2102 de
563 2059 656 2101 l'uutrr.
672 2059 704 2101 La
718 2055 850 2100 correction
872 2053 902 2099 dc
917 2054 983 2100 Koch
1002 2053 1178 2114 generalemcnt
1200 2055 1304 2116 adoptie
1320 2073 1325 2100 τ
1339 2057 1446 2119 antiqui-

303 2129 358 2173 tatis
373 2129 504 2173 nsemariarn
525 2139 558 2172 est
580 2143 624 2171 stne
640 2127 743 2171 locution
758 2125 874 2185 plusieurs
895 2124 939 2169 sais
958 2124 1083 2185 employie
1100 2140 1143 2184 par
1156 2124 1254 2172 Ciciron
1268 2124 1311 2189 (cl.
1329 2134 1368 2183 46,
1388 2136 1445 2178 tut:

302 2202 370 2245 Brut.
385 2207 424 2253 69,
443 2205 484 2244 att
498 2217 503 2252 ¹,
514 2216 559 2259 pro
573 2200 640 2242 Caec.
657 2204 696 2253 28,
714 2196 762 2258 80).
784 2196 874 2242 Piderit
893 2197 1004 2258 euplique
1025 2196 1083 2241 ainsi
1101 2196 1245 2242 l'altcration
1264 2198 1295 2243 de
1316 2200 1445 2245 memoriam

302 2287 331 2315 cn
347 2271 392 2315 iter
406 2289 410 2315 :
423 2286 453 2315 un
467 2269 633 2329 grammairien
648 2284 703 2312 aura
715 2266 807 2328 corrigie
822 2266 957 2312 memoriam
969 2283 999 2312 cn
1015 2267 1148 2317 materiam.
1164 2268 1229 2313 selon
1242 2268 1265 2314 le
1280 2269 1386 2330 prasesidis
1400 2270 1445 2316 ire'·

414 2354 425 2377 a
447 2355 474 2377 er
1284 2375 1289 2384 ,

302 2398 373 2447 quent
389 2351 539 2442 rneritort'ar113
556 2385 607 2445 plus
620 2383 683 2436 tend,
696 2399 726 2428 nn
738 2382 838 2443 copiae,
852 2394 950 2442 crosent
963 2384 985 2428 lc
1002 2395 1050 2428 tuot
1069 2383 1203 2428 assentorium
1218 2385 1380 2445 ssupprimer
1397 2397 1445 2431 tout

301 2502 387 2557 entier,
402 2518 457 2547 nura
472 2500 587 2547 introdnit
598 2500 655 2544 (laus
670 2500 692 2544 le
708 2509 774 2544 teste
791 2509 842 2543 ater
854 2514 907 2543 sous
920 2500 942 2542 la
958 2497 1032 2544 forme
1048 2498 1102 2543 iter.
1119 2500 1193 2555 cau,
1205 2515 1234 2545 en
1249 2504 1317 2553 etl'et,
1334 2519 1360 2547 ee
1380 2502 1445 2563 quis

300 2591 328 2617 en
348 2574 395 2619 lieu
414 2574 471 2619 dans
492 2574 514 2617 le
534 2588 631 2632 passage
649 2569 784 2615 ruentionm's
799 2569 830 2614 du
844 2586 888 2630 pra
905 2569 1015 2617 Caecina.
1034 2570 1093 2616 Mais
1101 2587 1215 2630 supposes
1227 2588 1273 2634 que
1284 2590 1312 2619 ce
1327 2573 1411 2620 hasard
1424 2589 1446 2617 se

300 2645 345 2690 soit
359 2644 480 2705 reproduit
491 2660 536 2688 une
549 2642 650 2688 seconde
663 2642 707 2686 lois
724 2641 912 2701 identiquement
929 2642 950 2687 le
966 2642 1052 2695 meme,
1077 2643 1134 2686 e'est
1145 2643 1168 2687 tt
1183 2659 1227 2687 une
1242 2645 1376 2704 hypothese
1390 2662 1445 2690 con·

301 2716 372 2760 traice
385 2720 398 2760 h
413 2718 434 2760 la
449 2715 531 2759 notion
544 2718 621 2758 tudine
632 2711 662 2756 de
678 2711 771 2756 hasard.
782 2715 845 2756 Nous
859 2711 944 2758 laisous
960 2728 1004 2757 une
1014 2713 1149 2771 conjecture
1162 2713 1213 2773 plus
1228 2714 1315 2774 simple
1324 2733 1329 2760 :
1338 2715 1445 2777 antiqui-

301 2798 386 2841 ταωνι,-
401 2802 458 2831 nous
473 2786 608 2830 admettuns
632 2800 678 2844 quc
692 2784 727 2827 les
739 2783 841 2842 syllabas
857 2782 886 2837 ti,
897 2794 930 2835 tn.
940 2794 971 2838 tc,
983 2783 1001 2828 it
1028 2794 1069 2828 ont
1090 2800 1123 2844 pu
1137 2784 1253 2830 aisement
1266 2800 1291 2830 se
1307 2787 1445 2837 confundes,

300 2875 323 2901 se.
340 2857 444 2918 repetes,
460 2873 484 2902 se
501 2855 633 2914 multiplice
648 2855 726 2899 mente
745 2870 789 2898 nux
813 2870 873 2913 ycus
892 2854 948 2899 d'un
965 2854 1066 2914 capiate,
1086 2855 1177 2900 lectcur
1195 2856 1285 2916 pressi,
1307 2858 1400 2918 ennuyie
1424 2870 1446 2903 ct

299 2927 406 2984 ‹listrnit;
422 2938 445 2974 et
456 2927 485 2973 de
493 2930 514 2972 lis
522 2925 679 2987 antiquitatis
693 2924 746 2980 iter,
762 2924 802 2984 qui
817 2925 896 2969 offrait
916 2941 945 2969 en
960 2935 1028 2970 outre
1037 2941 1083 2975 une
1098 2942 1230 2987 apparence
1245 2928 1276 2991 de
1292 2945 1355 2974 sens.
1374 2931 1447 2975 Notre

299 2999 430 3044 correction
444 3010 478 3043 est
494 3003 506 3041 h
522 2997 666 3058 capprochet
677 2995 707 3039 de
723 3003 746 3051 5,
764 3003 791 3041 {8
804 3014 808 3039 :
822 2996 949 3040 tenenda...
966 3006 999 3040 est
1013 2995 1088 3040 trinnis
1098 2997 1231 3058 antiquitus
1244 3000 1447 3062 exemplorumque

298 3069 340 3113 ais.
354 3096 385 3105 -
400 3078 421 3116 t.
439 3070 507 3130 longo
522 3070 570 3117 Ll:
584 3084 655 3127 conge
670 3084 695 3121 ες
712 3065 819 3125 Iangina
836 3065 870 3110 les
886 3067 1009 3112 anciennes
1029 3067 1143 3128 iditions3
1165 3070 1244 3128 Caliga
1264 3071 1329 3116 Roth
1352 3069 1445 3129 (Μαίη.

298 3142 361 3186 Meas.
378 3143 442 3196 Vlll,
460 3158 484 3201 p.
501 3142 563 3201 ott).
580 3164 611 3174 -
626 3144 648 3182 7.
665 3148 686 3182 et
702 3137 763 3198 quad
776 3139 832 3183 Μῦς.

898 3347 942 3406 1εἳ)
954 3341 995 3388 tait
1010 3354 1073 3388 cette
1088 3343 1186 3387 citation
1201 3344 1229 3388 de
1240 3343 1360 3390 Lucilius:
1375 3365 1386 3385 a
1400 3347 1448 3391 hlu-

898 3415 963 3458 uiuus
983 3413 1085 3459 Persium
1102 3415 1158 3458 haec
1174 3413 1254 3476 legere
1270 3415 1336 3477 nolo,
1352 3417 1447 3462 lunium

897 3488 1003 3546 (hugum
1023 3484 1076 3530 volo
1095 3504 1115 3530 r.
1137 3485 1156 3530 ll
1169 3496 1205 3530 est
1220 3485 1268 3529 vrsi
1286 3502 1334 3545 que
1346 3487 1448 3534 Cieemu

897 3555 970 3601 citent
984 3556 1005 3600 le
1021 3557 1097 3600 meme
1118 3572 1216 3618 passage
1233 3554 1271 3618 (de
1286 3558 1356 3602 Orat.
1372 3560 1407 3608 ll,
1424 3564 1445 3603 t.

898 3626 937 3687 tu)
957 3625 1013 3672 ierit
1039 3646 1050 3668 a
1075 3627 1180 3672 Persium
1205 3643 1252 3671 non
1275 3643 1333 3672 euro
1355 3627 1446 3690 legere.

299 3349 321 3391 iu
337 3347 485 3392 solitudinem
501 3344 628 3404 recipiebat
654 3342 793 3403 africanus,
822 3360 841 3384 n.

330 3426 352 3461 ³.
372 3417 479 3478 Reliqua.
493 3417 529 3460 (ll.
546 3420 582 3467 to,
600 3420 652 3457 aot.

332 3497 352 3533 t.
369 3489 548 3550 Antiquitatenr,
570 3506 579 3524 u
591 3484 611 3527 la
631 3483 796 3527 connaissance
811 3483 842 3526 du

297 3558 400 3621 [sussen
422 3559 452 3603 el.
468 3565 548 3613 t›‚ttt:
574 3560 682 3609 tt,20t;
707 3553 782 3603 Plinr.
799 3556 841 3611 Ep.

298 3634 316 3687 1,
327 3638 387 3685 ‘tm
398 3648 402 3674 :
417 3650 428 3671 a
438 3645 507 3690 quem
515 3626 603 3687 peritus
611 3624 651 3670 ille
659 3633 683 3668 et
692 3623 777 3684 privati
786 3623 843 3668 iuris

296 3700 428 3763 etpublici!
437 3709 642 3762 ‹quantamresum,
649 3704 841 3757 quantumesem·

296 3776 400 3834 plorum,
426 3779 539 3832 quantum
561 3766 711 3826 antiquitatis
732 3766 813 3811 tenet!
830 3787 840 3806 u

296 3872 326 3878 -
341 3844 457 3890 voirNc.

327 3925 350 3963 rt.
371 3918 457 3975 Congo.
470 3912 534 3974 (loir
550 3910 619 3973 Nih).
635 3908 719 3954 lunius
735 3910 840 3969 Congus,

295 3999 374 4031 suvant
393 3985 543 4029 connaisseur
556 3980 598 4025 des
616 3981 698 4024 choses
714 3979 745 4023 du
763 3978 838 4038 pessi.

295 4060 332 4105 tlt.
345 4075 387 4120 pro
403 4055 484 4101 Plane.
499 4059 538 4104 tt,
555 4059 583 4097 ss
600 4068 605 4094 :
625 4070 636 4092 a
647 4049 743 4095 nescisse
755 4049 780 4094 id
795 4066 839 4109 po·

294 4131 376 4190 pulum
387 4133 517 4175 Romanum
527 4138 603 4183 acque
612 4121 681 4166 hrissc
690 4121 729 4182 qui
739 4121 762 4165 id
772 4121 839 4166 nobis

295 4210 409 4252 truncaret,
425 4195 562 4258 pracsertim
575 4204 667 4238 mortuo
680 4196 783 4254 Congo)
795 4209 801 4247 ;
815 4202 837 4236 ct

293 4270 370 4315 aaut.
388 4269 442 4315 aot.
457 4284 500 4329 pro
515 4268 600 4313 Plane.
614 4262 707 4323 (urchi,
723 4279 747 4322 p.
766 4263 836 4324 tot):

294 4362 304 4381 a
328 4341 382 4385 ideo
406 4338 550 4385 mentionem
576 4335 652 4395 Congi
677 4334 733 4391 (Me.
756 4332 836 4393 Conci)

294 4413 387 4456 ridetur
400 4409 576 4470 interposuisse,
588 4407 629 4467 qui
645 4421 687 4463 pcr
702 4405 759 4449 illud
776 4415 837 4449 tem-

294 4500 336 4543 pus
345 4484 485 4530 ‹lect-sserat.
501 4482 571 4524 honus
584 4476 688 4521 curiosus
701 4486 724 4520 et
736 4475 838 4536 diligens

293 4553 412 4599 eruendae
420 4551 538 4596 vetustatis
550 4564 572 4596 n.
582 4547 649 4592 Pline
658 4545 699 4607 (ll.
715 4547 738 4589 Υ.
744 4545 836 4607 praef,

896 3695 1000 3742 Laelium
1013 3696 1143 3742 Decumum
1160 3696 1213 3742 volo
1224 3718 1245 3743 n.

926 3772 949 3812 7.
967 3767 1041 3813 Mula,
1056 3768 1093 3814 Cl'.
1108 3771 1146 3821 tt,
1161 3775 1270 3814 tat-tto.

927 3846 949 3881 n,
973 3841 1073 3898 Legunt,
1115 3838 1214 3884 audiant
1243 3856 1256 3884 s
1286 3856 1350 3899 pour
1383 3844 1446 3900 sajet

895 3912 975 3963 cotta,
995 3909 1113 3969 Sulpicius
1131 3920 1154 3955 et
1174 3910 1208 3956 les
1220 3913 1303 3971 jeunes
1317 3927 1377 3973 gens
1390 3928 1448 3972 pss-

894 3977 987 4024 sionnes
1005 3996 1096 4026 comme
1108 3998 1152 4027 eus
1166 3998 1229 4042 pour
1246 3981 1405 4042 l'kloquence.
1414 4008 1448 4018 —

895 4052 922 4095 ln
938 4049 1000 4095 amni
1018 4060 1080 4095 recta
1095 4052 1180 4097 studia.
1200 4054 1288 4098 'Pontes
1312 4053 1349 4098 les
1370 4054 1450 4100 belles

894 4119 985 4180 itudes,
1000 4121 1068 4167 celles
1080 4123 1121 4182 qui
1136 4123 1292 4169 convicissent
1304 4125 1316 4167 's
1331 4123 1448 4171 l'homme

894 4193 948 4237 hicn
963 4190 992 4237 nt
1007 4191 1078 4255 (lt'ler
1090 4204 1112 4237 et
1128 4192 1244 4255 ingenus).
1265 4194 1328 4240 C'est
1348 4211 1377 4240 cc
1403 4197 1446 4258 qui

893 4278 1004 4322 compose
1035 4262 1192 4317 l'lrumanitas.
1218 4265 1299 4310 eniel.
1327 4264 1351 4310 ls
1370 4267 1445 4312 haute

892 4334 993 4390 culture,
1007 4351 1051 4394 par
1065 4334 1168 4396 laquelle
1182 4334 1203 4379 la
1226 4346 1308 4380 nature
1330 4336 1447 4383 humsinc

892 4405 977 4450 s‘elevc
995 4405 1025 4449 de
1046 4406 1098 4464 plus
1115 4422 1144 4450 en
1166 4405 1220 4466 plus
1235 4404 1360 4452 atr-dessus
1375 4408 1407 4453 de
1423 4408 1445 4452 ln

892 4477 946 4521 bite
960 4475 1000 4538 (cf.
1015 4482 1038 4531 8,
1053 4476 1091 4539 ³2)
1105 4478 1196 4522 attend
1213 4478 1225 4522 'a
1240 4475 1337 4523 sialiter
1351 4478 1373 4523 la
1388 4494 1446 4539 pcr-

893 4544 975 4590 lection
990 4546 1020 4591 de
1032 4561 1074 4590 son
1087 4543 1161 4609 objet.
