3292 5422
288 450 344 505 152
626 451 680 506 DE
705 451 922 516 Otta'rottn,
950 451 1027 506 LlB.
1061 451 1084 507 Ι.

285 596 342 648 aut
358 608 412 650 me
430 582 594 677 impedito
612 583 790 677 occuparit
807 597 863 651 aut
883 598 1021 652 mortuo
1036 585 1205 672 effecerit,
1221 600 1263 652 ut
1278 584 1441 678 primum

285 722 387 767 omne
414 699 466 767 ius
488 699 588 768 civile
613 700 648 766 in
674 724 802 793 genera
829 698 978 793 digerat,
1008 726 1096 794 (piae
1124 726 1300 796 perpauca
1338 713 1439 780 sunt,

285 810 410 882 deinde
429 839 548 883 corum
569 838 735 909 generum
753 815 849 908 quasi
868 814 1035 909 quaedam
1056 816 1209 885 membra
1228 816 1436 910 dispertiat,

287 943 357 996 tum
381 930 555 1026 propriam
582 931 748 1025 cuiusque
773 931 842 998 vim
862 930 1063 1001 definitione
1085 932 1261 1003 declaret:
1287 931 1439 1027 perfec·

253 1056 351 1112 atam
381 1061 490 1115 artem
522 1045 605 1115 iuris
636 1045 744 1114 civilis
777 1044 959 1134 habebitis,
992 1048 1100 1142 magis
1131 1074 1291 1145 magnam
1325 1064 1439 1141 atque

286 1161 425 1229 uberem
452 1188 553 1256 quam
583 1162 759 1231 difficilem
783 1177 817 1231 et
839 1162 1033 1231 obscuram.
1054 1169 1136 1252 [tat]
1159 1168 1269 1259 Atque
1296 1165 1438 1232 interea

285 1290 411 1362 tamen,
432 1277 513 1346 dum
530 1278 628 1365 hacc,
653 1303 739 1371 (quae
760 1277 913 1371 dispersa
942 1293 1034 1365 sunt,
1060 1295 1246 1375 coguntur,
1271 1282 1327 1349 rel
1350 1304 1437 1373 pas·

283 1391 345 1458 sim
370 1392 451 1462 lieet
476 1408 676 1487 carpentem
700 1408 734 1461 et
760 1394 979 1488 colligentem
1008 1395 1162 1489 undique
1187 1397 1315 1491 repleri
1343 1397 1438 1466 iusta

284 1507 366 1574 iuris
382 1508 492 1576 civilis
515 1509 668 1577 scientia.
692 1511 826 1596 dell.
840 1511 965 1577 Nonne
983 1510 1107 1580 videtis
1127 1511 1277 1605 equitem
1303 1515 1434 1581 Ronta·

232 1635 378 1708 tonum,
410 1623 585 1694 hominem
614 1623 810 1692 acutissimo
836 1625 991 1692 onmium
1017 1626 1169 1721 ingenio,
1202 1627 1261 1696 sed
1282 1629 1436 1698 mininie

283 1739 406 1808 ceteris
429 1741 562 1808 artibus
584 1740 770 1824 eruditum,
794 1743 834 1809 C.
857 1741 1081 1826 Aculeonem,
1104 1743 1162 1836 qui
1185 1768 1324 1811 mecum
1345 1744 1434 1811 vivit

282 1880 486 1949 semperque
509 1857 607 1944 vixit,
637 1857 681 1924 ita
713 1871 832 1925 tenere
854 1856 905 1923 ins
929 1857 1044 1942 civile,
1065 1872 1100 1926 ut
1122 1859 1167 1944 ei,
1188 1884 1266 1927 cum
1288 1859 1334 1926 ab
1362 1859 1435 1928 lior

282 1970 522 2058 discesseritis,
540 1996 641 2040 nemo
660 1971 703 2040 de
720 1972 760 2039 iis
776 1971 833 2065 qui
857 1972 1054 2065 peritissimi
1074 1987 1152 2041 sunt
1169 1975 1435 2068 anteponatur?

311 2238 360 2282 NG.
379 2244 400 2280 t.
413 2246 533 2297 eeeuparet
547 2253 578 2281 m.
592 2262 623 2271 -
636 2244 657 2281 3.
671 2252 759 2297 genera
772 2241 801 2292 ll,
810 2236 870 2282 ornis
881 2253 925 2297 par
936 2240 968 2292 L3
983 2255 1095 2300 generum
1113 2248 1190 2285 autres
1206 2255 1260 2284 mss.
1273 2265 1304 2276 -
1317 2249 1342 2286 a.
1359 2251 1433 2304 atque

280 2309 399 2352 obscuram
417 2324 439 2352 rn
454 2307 564 2370 (Stangl).
579 2334 610 2343 -
628 2315 650 2353 7.
666 2319 782 2368 cogantur
804 2308 908 2364 Ernesti,
930 2310 1025 2364 Selmtz,
1044 2308 1122 2365 Sorof,
1145 2311 1259 2357 wilkins.
1274 2337 1306 2347 -
1322 2320 1374 2358 Μ.
1389 2330 1432 2357 re-

278 2378 343 2440 pleri
360 2378 436 2424 ista...
464 2378 566 2424 seientia
584 2381 615 2432 [ς
631 2379 721 2440 replere
740 2379 840 2424 istam...
862 2379 985 2425 scientiam
1001 2384 1034 2436 l{;
1051 2379 1114 2427 iusta
1131 2384 1206 2445 [ιη.
1224 2389 1263 2443 ld,
1281 2389 1320 2433 l'l.
1337 2391 1378 2428 et.
1398 2410 1433 2420 -

282 2458 319 2499 tn.
338 2450 474 2496 notatissimo
490 2454 508 2497 L
521 2468 535 2496 o
546 2467 583 2513 ge
596 2468 623 2506 ες
639 2449 801 2495 acutissimum
820 2455 840 2497 Η
856 2450 1005 2514 (Friedrich).

279 2705 314 2740 tos
325 2695 405 2750 (trisse,
424 2705 499 2741 estem
516 2695 540 2739 in
552 2695 597 2739 hoe
610 2710 674 2740 uno:
689 2694 753 2755 quod
768 2708 825 2738 nun·

280 2783 348 2828 quam
364 2768 481 2813 effecisset
495 2766 570 2826 ipsius
587 2765 766 2824 lurnesianus,
782 2763 825 2809 nisi

279 2837 329 2883 enm
341 2848 465 2898 praeterea
477 2837 600 2883 didicisset
612 2847 686 2882 artem
699 2835 730 2898 (la
743 2835 826 2879 dialec-

279 2909 355 2971 tique)
368 2926 437 2971 quae,
457 2919 523 2954 ete...
539 2926 564 2963 »3
579 2921 603 2955 et
618 2907 674 2952 ibid.
688 2915 749 2953 itt:
766 2928 776 2947 ιι
791 2905 826 2949 hie

278 2983 340 3026 enim
355 2983 434 3027 attulit
450 2982 510 3025 hanc
529 2991 604 3026 artem
619 2979 725 3024 omnium
740 2978 827 3023 artium

279 3053 402 3098 maximnm
415 3053 481 3112 qnasi
491 3053 566 3097 lucem
577 3054 605 3098 nd
616 3068 652 3106 ea,
663 3066 724 3112 quse
732 3048 827 3094 confuse

281 3127 309 3170 ali
326 3125 376 3169 aliis
394 3135 433 3170 aut
450 3124 655 3184 respondebantur
672 3133 711 3168 aut
724 3122 826 3185 agelran-

282 3207 319 3241 tur
338 3216 358 3240 a.

315 3275 335 3312 l.
354 3268 487 3327 Occuparit.
502 3268 538 3313 Cl.
557 3271 596 3320 ³⁴,
612 3273 664 3311 tol.

313 3344 361 3382 2-4.
377 3341 465 3382 Genera
470 3353 597 3399 perpauca,
604 3353 709 3396 generum
717 3337 827 3387 membra,

282 3407 325 3451 vim
342 3407 477 3468 definitione
493 3407 595 3452 declaret
615 3423 643 3452 ne
665 3407 715 3451 tout
732 3423 777 3467 que
793 3423 828 3452 re·

283 3479 385 3540 prendre
398 3480 477 3539 ecqui
491 3495 502 3522 a
517 3477 554 3522 site
567 3479 601 3522 dit
611 3479 625 3538 ἓ
637 3483 689 3522 tae.

315 3556 367 3594 t·5.
386 3549 519 3610 Perse-etam
542 3559 624 3600 artem,
650 3569 660 3590 u
677 3564 722 3592 une
737 3549 827 3596 intorte

283 3621 398 3682 eompl'ete
409 3641 430 3665 ι.
442 3646 473 3655 -
486 3623 599 3680 Magnam
614 3618 706 3680 precise
719 3636 762 3679 par
776 3619 828 3664 ube-

283 3710 331 3738 rem
357 3712 367 3735 ι
394 3692 495 3737 ἑῑειιάυε
523 3703 547 3737 et
569 3689 668 3736 leeonde
692 3710 713 3736 n.
736 3691 773 3737 Cf.
789 3697 827 3744 tt,

285 3774 338 3811 tan.
354 3791 384 3800 -
401 3764 495 3824 Magis,
506 3764 594 3823 plutdt.

315 3844 338 3882 7.
362 3840 452 3883 Dum...
475 3846 597 3896 eoguntur,
619 3855 630 3876 a
650 3835 758 3894 jusqu'an
775 3850 827 3879 mo·

285 3919 349 3955 ment
365 3909 395 3953 oti
418 3927 429 3948 n
451 3925 456 3953 :
480 3909 510 3953 de
531 3908 553 3952 l'n
569 3905 703 3953 radicatis.
727 3911 792 3952 arec
807 3909 827 3953 la

284 3982 418 4041 conjectura
455 3978 571 4025 d'Ernesti
612 3990 733 4038 eoguntur,
774 3977 828 4021 diem

285 4052 420 4113 sigaiflersit
442 4069 452 4092 ι
474 4066 504 4095 en
526 4049 649 4095 attendunt
667 4063 712 4109 que
731 4068 742 4089 ιι
766 4051 828 4110 (sens

284 4123 418 4184 &galement
427 4122 475 4166 tres
484 4121 550 4184 bun).
571 4119 607 4167 Cl.
619 4120 741 4181 Riemann,
756 4123 827 4181 synt.

284 4194 356 4254 §tto
369 4205 392 4238 et
407 4199 450 4237 (ΞΠ
464 4208 486 4246 a,
501 4208 527 4253 p.
544 4199 588 4237 368
600 4201 622 4236 et
640 4196 694 4236 ³70.

316 4274 339 4310 8.
366 4267 502 4323 Carpentem
526 4274 547 4307 et
567 4263 715 4323 colligentem
736 4277 759 4307 se
775 4277 829 4321 rap-

285 4345 380 4397 portent
405 4350 433 4378 an
458 4350 557 4393 pronom
580 4334 745 4386 indetermiue,
768 4335 829 4391 sajet

284 4407 457 4451 sous-entendu
474 4405 504 4448 de
524 4404 637 4450 l’inlinitif
651 4403 782 4465 (aliquem).
798 4427 829 4439 -

284 4478 332 4524 Vel
343 4475 441 4536 passim,
462 4495 473 4516 u
491 4478 567 4521 meme
584 4493 613 4521 en
632 4492 661 4521 ne
678 4474 763 4520 faisant
780 4491 827 4536 que

286 4547 376 4593 eueillir
388 4551 412 4610 qi
428 4547 483 4592 etin
503 4566 524 4591 n.

913 2701 960 2739 8-9.
976 2695 1076 2756 depleri.
1089 2695 1211 2742 Friedrich
1220 2697 1310 2757 adepte
1322 2698 1345 2743 lsi
1359 2699 1428 2762 leqon

880 2766 968 2827 replere
990 2768 1124 2822 seientiam
1141 2766 1199 2813 mais
1215 2768 1262 2813 elle
1278 2785 1290 2812 n
1306 2785 1337 2813 un
1361 2782 1428 2817 autre

880 2852 942 2891 sens,
972 2837 1012 2897 qui
1035 2851 1064 2882 ne
1092 2838 1202 2884 convient
1231 2854 1273 2899 ραι
1302 2839 1344 2885 iei.
1375 2842 1428 2886 Elle

881 2906 972 2967 signilie
987 2921 993 2950 ε
1009 2908 1140 2954 construire
1154 2918 1206 2953 tout
1226 2925 1257 2953 un
1277 2911 1381 2969 s5steme
1396 2911 1427 2956 dc

882 2979 951 3022 droit.
968 2981 1000 3023 Or
1014 2995 1040 3024 ee
1060 2981 1120 3025 n'est
1133 2994 1175 3040 pas
1189 2979 1289 3026 l’affsire
1307 2982 1338 3027 de
1358 2982 1426 3027 l'ors·

881 3059 943 3104 tear,
966 3049 1044 3110 lequel
1066 3066 1078 3094 e
1098 3051 1229 3096 seulement
1247 3051 1329 3096 besoin
1350 3053 1382 3098 de
1402 3068 1427 3097 se

881 3120 960 3164 munir
981 3120 1085 3182 (replere)
1105 3122 1135 3166 de
1161 3122 1339 3168 eonnsissnnees
1362 3122 1426 3169 stiffi-

882 3200 958 3237 santes
976 3208 1005 3237 en
1024 3192 1046 3237 ln
1068 3192 1175 3253 metiere,
1194 3193 1373 3239 connaissanees
1387 3195 1426 3255 qni

883 3274 985 3322 (nearent
1012 3263 1132 3309 d'silleurs
1152 3274 1227 3309 rester
1252 3263 1379 3310 detnelsees
1403 3275 1426 3311 et

882 3332 1210 3395 frumentarius-Iusta...
1220 3336 1332 3391 seientia,
1352 3354 1363 3382 e
1374 3352 1427 3383 eon·

882 3404 1013 3451 nsissanees
1027 3405 1191 3460 eonvennlsles,
1207 3406 1248 3467 qni
1260 3417 1314 3453 sont
1331 3423 1358 3452 ee
1369 3408 1424 3469 qu'il

883 3476 931 3520 saut
946 3497 966 3538 s,
980 3492 1071 3521 eamme
1083 3493 1114 3521 on
1128 3477 1163 3522 dit
1174 3477 1237 3522 iusta
1246 3482 1308 3523 mari
1316 3478 1425 3533 altitude,

882 3548 967 3591 iustam
980 3547 1092 3602 volumen,
1104 3550 1188 3593 ireseum
1203 3548 1255 3594 iter.

916 3626 953 3662 tt.
976 3621 1004 3664 C.
1026 3619 1174 3665 Aculeonem.
1188 3619 1263 3665 Merit
1278 3622 1289 3665 it
1303 3621 1384 3667 Helvia
1405 3621 1425 3666 le

883 3699 947 3735 rante
966 3691 1104 3736 maternelle
1125 3691 1156 3735 de
1178 3690 1337 3752 Cicereium,
1356 3700 1379 3748 t,
1394 3693 1426 3755 2).

883 3761 1008 3821 grnnrlnmi
1019 3762 1049 3806 de
1059 3764 1152 3807 Crassus
1164 3762 1222 3822 qu'il
1230 3761 1427 3809 introduisitdnns

884 3833 905 3877 la
923 3830 1009 3877 tantille
1027 3833 1057 3877 de
1071 3849 1094 3878 sn
1115 3833 1209 3878 lenime.
1233 3835 1332 3880 Crassus
1351 3835 1426 3881 devint

884 3902 985 3956 ensuite,
1005 3920 1065 3963 pour
1082 3903 1105 3948 le
1121 3919 1196 3949 neren
1208 3920 1299 3951 comme
1317 3921 1379 3965 ponr
1394 3905 1427 3952 les

883 3975 920 4019 fils
929 3975 1067 4031 d'Aeuleon,
1077 3992 1106 4020 un
1119 3975 1189 4037 gulde
1201 3975 1295 4032 leonte,
1306 3993 1354 4023 une
1366 3987 1427 4023 sorte

884 4047 913 4090 de
933 4047 989 4091 linat
1012 4046 1129 4092 directeur
1154 4045 1262 4092 d'e'etudes
1287 4047 1376 4111 (ibid.)
1398 4072 1429 4084 -

883 4120 975 4163 Mecum
987 4118 1050 4171 vivit,
1065 4118 1081 4163 i.
1096 4134 1117 4163 e.
1122 4118 1294 4178 similias-iter.

915 4196 998 4234 {2-t3.
1031 4193 1087 4235 Crem
1115 4190 1146 4233 ad
1182 4188 1222 4234 hoc
1256 4189 1429 4253 discesseritis,

885 4260 980 4320 «apris
999 4261 1062 4306 avoir
1084 4262 1128 4306 mis
1151 4262 1181 4305 de
1202 4260 1254 4308 cote
1276 4262 1379 4308 Seevoln
1401 4262 1430 4308 iei

881 4334 1013 4392 present».
1029 4332 1066 4378 Cl'.
1080 4332 1112 4377 iul
1125 4335 1191 4378 Fam.
1206 4333 1225 4383 1.
1240 4339 1263 4387 9,
1276 4341 1318 4388 t8;
1333 4335 1374 4388 Vl,
1391 4340 1429 4388 ta,

883 4411 916 4449 ²:
937 4425 948 4446 a
969 4405 1001 4448 sie
1022 4414 1057 4458 ut,
1079 4419 1132 4448 enm
1152 4403 1181 4447 ab
1209 4403 1251 4448 illo
1275 4404 1432 4451 discesserint

882 4472 1002 4535 (Caesaris
1007 4471 1171 4536 furniliares),
1182 4490 1219 4518 me
1231 4474 1336 4520 habeant
1346 4477 1432 4536 proni-

883 4561 945 4590 mum
955 4563 983 4601 ¹³3
999 4544 1032 4591 ad
1045 4545 1121 4593 Attic.
1138 4548 1156 4597 l.
1172 4552 1210 4601 tr,
1224 4553 1245 4591 ts.
