3226 5904
109 39 1211 421 μ

568 882 658 938 cur.
691 883 759 940 tu.
792 878 828 960 aa
856 884 1024 941 asa-ass.

1310 887 1365 942 >183

226 1014 329 1097 aiunt,
354 1014 407 1082 vir
424 1014 521 1082 fortis
539 1038 611 1083 esse
631 1038 702 1082 non
718 1029 848 1108 potest;
867 1014 988 1084 omitto
1007 1018 1155 1110 furarer,
1180 1042 1220 1085 ex
1241 1018 1365 1110 quilius

230 1144 257 1197 tr
280 1130 366 1224 eripi
394 1131 454 1213 vis,
478 1156 521 1199 ne
551 1128 680 1197 iudicio
715 1130 833 1224 iniquo
858 1132 1082 1200 exsorbeatur
1108 1133 1244 1227 sanguis
1271 1147 1360 1218 tuus,

230 1245 314 1339 quod
346 1246 491 1340 sapienti
521 1260 648 1340 negant
682 1245 839 1315 accidere
872 1270 988 1340 posse;
1017 1251 1155 1318 servire
1185 1273 1267 1316 vero
1294 1273 1363 1316 non

234 1360 325 1429 ruodo
341 1376 386 1445 te,
402 1361 462 1430 sed
478 1362 675 1431 universum
691 1375 858 1445 senatum,
874 1361 970 1430 cuius
983 1375 1054 1430 tum
1072 1388 1205 1431 causam
1224 1365 1360 1457 agebas,

234 1502 323 1545 ausus
341 1502 377 1545 es
394 1475 535 1546 ilicem?
551 1481 633 1564 [2261
653 1479 813 1572 Potestne
830 1477 950 1561 virtus,
972 1481 1106 1562 Crasse,
1126 1479 1268 1560 servire,
1294 1479 1363 1547 istis
1380 1506 1395 1555 5

234 1593 420 1660 auctoribus
442 1617 589 1686 quorum
622 1606 657 1658 tu
687 1606 870 1686 praecepta
898 1593 1043 1662 oratoris
1063 1593 1240 1682 ¹facultate
1266 1619 1362 1661 cosu-

234 1707 410 1800 plecteris?
430 1732 517 1802 quae
535 1722 569 1777 et
587 1732 722 1802 semper
742 1721 776 1777 et
795 1708 865 1777 sola
881 1706 988 1777 libera
1006 1724 1055 1778 est
1072 1734 1241 1804 (quaeque,
1261 1709 1362 1778 etiam

233 1822 251 1887 si
277 1848 425 1916 corpora
443 1837 540 1918 capta
561 1824 627 1891 sint
650 1823 752 1891 armis
776 1838 834 1892 aut
854 1823 1038 1892 constricta
1063 1824 1219 1908 vinculis,
1251 1838 1362 1894 tasisen

232 1963 319 2006 suum
333 1938 385 2006 ius
400 1952 502 2032 atque
518 1938 671 2005 onmium
689 1963 804 2006 rerum
820 1938 1020 2033 impunitam
1038 1938 1228 2009 libertatem
1245 1950 1363 2008 tenere

232 2052 355 2122 debeat.
391 2053 490 2142 Quae
522 2078 605 2122 vero
630 2052 802 2136 addidisti,
832 2078 900 2121 nou
926 2053 1029 2122 modo
1056 2069 1211 2123 senatum
1235 2055 1362 2124 servire
1381 2067 1416 2127 l0

231 2193 326 2239 nosse
341 2169 483 2264 populo,
503 2168 562 2238 sed
584 2169 685 2238 etiam
707 2165 852 2252 debere,
873 2169 949 2263 quis
967 2169 1033 2237 lsoc
1053 2168 1280 2271 philosophus
1294 2185 1362 2239 tam

231 2285 343 2368 mollis,
366 2300 435 2353 tam
455 2284 649 2379 languidus,
670 2299 739 2353 tam
759 2276 1037 2369 enervatus',ta1n
1053 2283 1167 2353 omnia
1182 2285 1224 2353 ad
1243 2285 1365 2379 volup-

231 2414 322 2469 tatem
343 2399 502 2495 corporis
519 2399 746 2494 doloremque
771 2399 925 2469 referens
945 2400 1093 2493 probare
1116 2416 1241 2494 posset,
1264 2426 1363 2471 sena·

232 2528 291 2584 tum
310 2515 441 2585 servire
457 2516 600 2610 populu,
620 2516 676 2584 cui
695 2516 842 2610 populus
860 2517 932 2610 ipse
948 2515 1150 2585 moderandi
1171 2532 1205 2586 et
1221 2517 1363 2612 regendi

230 2631 271 2698 sui
296 2646 501 2726 potestatem
528 2632 623 2724 quasi
655 2630 818 2725 quasdam
847 2631 997 2700 habenas
1020 2631 1243 2703 tradidisset?
1267 2635 1360 2701 Llll.
1382 2643 1418 2703 u·

252 2791 298 2836 ΝΟ.
312 2797 335 2835 t.
350 2806 433 2834 causas
447 2792 494 2839 Le.
510 2815 541 2824 -
557 2795 592 2833 10.
607 2790 672 2834 debes
689 2791 745 2850 Lag.
762 2797 791 2834 20
809 2787 912 2851 (Srhdtz,
929 2791 959 2835 de
977 2778 1018 2835 son
1032 2790 1095 2847 cast,
1108 2807 1150 2851 par
1167 2790 1318 2852 conjectura).
1334 2818 1366 2828 -

231 2869 260 2908 u.
274 2871 411 2921 potestatem
426 2861 470 2906 mis
482 2873 548 2907 entre
567 2861 674 2905 crochets
692 2877 735 2921 pnr
755 2861 832 2905 Vassis
850 2872 873 2905 et
893 2861 968 2916 (lima,
992 2877 1083 2907 conante
1097 2861 1163 2906 trum
1178 2878 1221 2907 uno
1236 2863 1301 2921 gloss
1313 2863 1365 2907 dos·

228 2932 307 2977 tineei
323 2933 449 2993 expliquer
463 2933 484 2977 ln
497 2931 635 2992 mitaphore
647 2931 758 2977 labeum.

251 3067 271 3108 3.
294 3061 361 3120 Quod
378 3060 394 3108 i.
409 3075 430 3105 e.
448 3059 535 3104 iudicio
551 3059 630 3120 iniquo
643 3059 765 3104 exsorberi

224 3133 362 3194 sauguinem.
381 3134 433 3189 Que
449 3142 507 3192 peut
528 3131 586 3176 faire
602 3147 630 3175 au
652 3147 715 3192 saga,
732 3147 761 3176 en

223 3207 281 3260 ellat,
295 3220 342 3249 nne
353 3202 536 3249 condamnation
548 3203 648 3263 injuste?

249 3283 294 3323 ⁵·t.
305 3277 508 3320 Potestnezuum
516 3275 631 3336 pasorali.
640 3274 761 3328 Riemann,

222 3350 285 3405 Sym.
301 3346 315 3407 ᾖ
334 3347 418 3396 2801),
438 3352 469 3402 θ’,
482 3362 507 3405 p.
526 3352 641 3393 (πη-533,
657 3371 689 3380 -
708 3349 760 3389 Ser·

219 3417 273 3471 rire,
297 3435 326 3463 au
350 3433 402 3463 sens
428 3433 525 3477 propi-a,
540 3438 550 3458 ι
570 3419 621 3462 itrc
635 3417 724 3461 esclave
738 3436 760 3460 s.

219 3490 288 3534 Chose
313 3488 452 3550 impossible
479 3504 508 3532 en
532 3492 588 3533 effes
606 3488 699 3546 d'apres
723 3500 760 3533 aet

219 3570 280 3606 alstra
300 3559 420 3622 paradoxa
447 3559 517 3621 (cte,
533 3559 620 3604 rma.
636 3557 664 3620 V)
686 3575 691 3602 z
723 3557 760 3608 tu

219 3630 287 3691 uduo:
301 3633 314 3681 d
335 3632 412 3694 σοφὸς
426 3625 548 3695 ἐλεύθερος
560 3631 603 3679 καὶ
616 3633 664 3686 πᾶς
675 3628 759 3693 ἄφρων

218 3703 308 3760 δοῦλος.
317 3729 348 3738 -
357 3702 416 3747 Istis
425 3701 567 3747 auctoribus.
575 3704 663 3747 Surcet
677 3702 762 3745 attaris

217 3773 293 3819 absolu
315 3789 368 3818 sans
382 3773 497 3834 participe
520 3771 634 3832 exprimis,
658 3790 678 3818 v.
700 3772 757 3817 lliu-

218 3860 291 3901 mann,
302 3845 316 3906 ἓ
328 3850 402 3904 70‚p.
416 3850 525 3889 tsi-tta.

245 3924 267 3960 t.
285 3915 394 3963 oratoris
406 3916 539 3977 sneiiltate.
555 3914 592 3961 Cf.
604 3922 643 3969 -ts,
661 3920 715 3958 ait.
726 3941 755 3950 -

217 3988 342 4050 Praecepta
354 4004 384 4030 :
397 3996 571 4047 praeceptorum
590 3985 755 4046 cognitionem.

215 4058 314 4117 (tpinion
339 4060 369 4103 de
396 4062 490 4105 Crassus
516 4057 636 4118 exprimit·
657 4059 755 4102 snaintes

217 4129 265 4192 lois,
279 4140 426 4176 notansment
445 4137 482 4182 to,
499 4136 583 4177 aaut.

243 4208 305 4247 9-10.
319 4202 463 4262 Impunitam
474 4200 593 4263 (s'oppose
604 4205 616 4244 a
626 4200 754 4244 constrictu

213 4270 325 4335 vinculis),
345 4289 418 4317 anun
443 4271 570 4332 riprimie.
585 4288 630 4316 non
652 4270 752 4326 timitte,

212 4343 297 4388 entiero
315 4364 325 4383 n
343 4361 374 4387 1:
392 4360 435 4388 non
454 4343 609 4398 imminutam,
630 4344 752 4394 intactum,

212 4413 335 4475 integram.
352 4442 383 4451 -
398 4416 495 4461 Debent.
516 4414 651 4475 Subjonctil
665 4426 752 4475 puten-

211 4486 258 4532 tiel.

242 4565 277 4605 to.
286 4561 352 4618 Quae
359 4574 410 4602 uero
418 4558 563 4604 addidisti...
574 4559 628 4620 quis
638 4559 688 4608 lior.
697 4562 753 4602 Ana-

210 4628 300 4674 rolutlse
315 4631 428 4685 oratoire,
441 4629 565 4691 frequenta
577 4630 646 4690 apris
658 4631 679 4674 le
695 4631 753 4673 reln-

211 4697 241 4744 tit'
251 4700 307 4746 ainsi
323 4700 399 4760 placi.

244 4780 278 4817 tt.
293 4771 342 4817 Sed
356 4773 428 4817 etium
447 4774 537 4820 dedere.
550 4773 574 4819 Si
586 4774 632 4817 l'on
645 4773 753 4833 anvisage

209 4843 336 4888 seulement
341 4843 364 4888 le
374 4843 478 4889 discours
487 4860 515 4888 en
523 4844 633 4904 question
642 4844 692 4904 (pro
702 4843 753 4904 lege

210 4912 381 4975 Semiiiu),eels
392 4916 488 4975 pounit
500 4917 573 4960 n'c'tre
583 4917 654 4976 qu'un
668 4930 752 4974 moyen

209 4985 320 5034 oratoiro.
341 4988 400 5031 Mais
416 4988 431 5031 il
449 4987 538 5032 semble
561 4987 614 5032 bien
634 5003 680 5049 quo
695 4988 753 5032 dun«

820 3077 844 3104 sa
857 3062 966 3119 jeunesse
979 3062 1074 3107 Crassus
1093 3061 1154 3106 assit
1170 3077 1199 3105 un
1216 3076 1263 3120 peu
1279 3062 1363 3108 tatii-

820 3132 876 3177 tude
892 3130 922 3177 de
942 3148 980 3177 ces
1006 3132 1121 3178 llatterios
1143 3142 1167 3177 et
1190 3132 1279 3177 courait
1296 3134 1363 3193 apres

820 3203 840 3246 la
854 3201 996 3263 populariti.
1018 3203 1058 3252 ef.
1074 3207 1142 3250 Brut.
1157 3208 1196 3259 ⁴3,
1212 3211 1255 3247 ssu
1272 3220 1277 3247 τ
1295 3224 1306 3245 u
1325 3220 1362 3249 vo·

819 3274 861 3319 luit
887 3274 1024 3320 adulescens
1053 3275 1075 3319 in
1101 3275 1191 3320 colonia
1218 3274 1361 3320 Narbonensi

817 3362 900 3390 causan
906 3347 1026 3406 popularis
1037 3345 1126 3406 aliquid
1135 3346 1253 3406 attingere
1261 3362 1360 3407 eamque

816 3416 943 3469 coloniam,
955 3429 980 3462 ut
997 3416 1062 3472 lecit,
1076 3417 1126 3478 ipse
1139 3416 1264 3462 deducere.
1278 3434 1289 3457 s

849 3497 885 3537 tt.
911 3489 970 3549 Quis
998 3487 1149 3550 philosophus
1171 3498 1218 3534 tam
1249 3488 1357 3536 moltis...

813 3560 910 3620 probare
936 3570 1020 3622 posset.
1050 3560 1192 3620 Enpression
1227 3559 1358 3605 condensi-‹-

816 3647 875 3690 pour
898 3643 943 3675 suin
961 3631 1038 3676 ›stollis
1053 3630 1111 3692 suit
1138 3641 1191 3677 ut...
1207 3642 1293 3692 posset.
1321 3634 1357 3678 Do

815 3704 889 3748 meme
904 3718 932 3747 en
957 3702 1070 3762 lranqsis3
1089 3701 1185 3758 nasim,
1201 3702 1298 3749 Artutte
1316 3704 1357 3759 ll,

815 3783 846 3819 ³:
865 3794 876 3815 u
893 3774 922 3818 Et
935 3774 1002 3834 quala
1016 3788 1090 3818 coessrs
1100 3773 1118 3817 si
1133 3775 1232 3835 plonge's
1253 3774 1311 3820 dans
1326 3791 1356 3820 un

813 3846 879 3889 ltclse
893 3845 1030 3890 sommeil...
1054 3848 1088 3888 Ne
1108 3846 1298 3905 s'empresseront
1315 3864 1356 3907 pas.

812 3920 824 3962 a
841 3916 918 3962 suivre
936 3926 1003 3961 notre
1022 3917 1130 3976 example
1151 3935 1171 3964 n,
1190 3942 1219 3951 -
1242 3919 1288 3963 Hoc
1309 3928 1356 3962 sert

810 3994 823 4033 a
843 3990 900 4034 faire
920 3986 1029 4034 attondre
1044 3998 1149 4032 sensnum
1164 3988 1249 4031 servire
1261 3989 1354 4049 popedo,

844 4068 881 4108 tt.
898 4059 998 4105 Probare
1003 4069 1090 4120 posset.
1099 4057 1198 4103 Ciceron
1214 4066 1218 4117 ζ
1224 4060 1313 4104 I’urud.
1324 4062 1353 4112 V,

810 4134 858 4190 ttf',
873 4139 985 4175 resonant
999 4146 1036 4173 sur
1051 4145 1077 4172 co
1092 4144 1187 4188 passage
1203 4128 1234 4173 du
1249 4130 1353 4174 discours

808 4205 838 4248 do
852 4206 957 4253 Crassus,
972 4216 1001 4243 ne
1010 4201 1148 4259 l'spprouvu
1155 4214 1196 4257 pas
1204 4201 1334 4259 dstantage
1346 4219 1350 4246 :

809 4274 896 4332 uQuid
924 4271 986 4315 valet
1009 4271 1081 4329 igitur
1098 4269 1138 4314 illa
1165 4271 1351 4330 eloquentissimi

809 4347 862 4398 viri,
880 4346 905 4390 L.
918 4343 1005 4394 Crassi,
1024 4341 1118 4401 copiosi
1137 4343 1209 4401 magis
1225 4358 1296 4401 quam
1313 4359 1349 4386 sa-

808 4418 874 4478 piens
887 4415 980 4460 oratio?
998 4434 1008 4453 s

841 4497 877 4533 tt.
889 4487 964 4546 Quasi
973 4484 1085 4546 quasdam
1097 4485 1350 4546 ludenus.Apposition

808 4564 821 4604 ’s
836 4567 980 4622 potest-rtem.
1004 4559 1035 4601 La
1054 4557 1212 4602 construction
1230 4567 1265 4601 est
1288 4575 1351 4603 assez

807 4631 864 4675 duro
880 4641 904 4675 et
916 4646 962 4690 pou
977 4628 1128 4673 habituallea
1146 4628 1253 4677 ciceron.
1265 4630 1350 4675 raus-it

808 4702 940 4762 supprimes·
951 4709 1098 4760 potestatem,
1112 4715 1142 4744 ou
1158 4700 1201 4745 lire
1212 4701 1349 4762 quibusdum

807 4773 911 4826 habenis,
927 4788 956 4816 ou
976 4781 1062 4815 mettre
1081 4781 1217 4831 potestatem
1241 4785 1263 4817 rt
1284 4778 1352 4834 quasi

807 4845 916 4906 quiusdum
933 4846 1053 4889 latenas?
1071 4846 1103 4888 Ce
1122 4855 1174 4890 sont
1196 4844 1237 4889 des
1258 4847 1351 4904 conjac-

808 4927 886 4969 tures;
905 4915 962 4959 elles
980 4930 1009 4959 na
1026 4914 1163 4975 s'imposent
1182 4930 1231 4975 pas.
1247 4941 1278 4952 -
1296 4919 1351 4962 Tru-

806 4989 914 5036 ttidime,
949 4985 1085 5046 subjunctis
1108 4989 1139 5032 du
1163 4989 1223 5050 style
1251 4990 1348 5035 indirert
