<?xml version="1.0" encoding="UTF-8"?>
<!DOCTYPE html PUBLIC "-//W3C//DTD XHTML 1.0 Transitional//EN"
    "http://www.w3.org/TR/xhtml1/DTD/xhtml1-transitional.dtd">
<html xmlns="http://www.w3.org/1999/xhtml" xml:lang="en" lang="en">
 <head>
  <title>
</title>
<meta http-equiv="Content-Type" content="text/html;charset=utf-8" />
  <meta name='ocr-system' content='tesseract 3.04.00' />
  <meta name='ocr-capabilities' content='ocr_page ocr_carea ocr_par ocr_line ocrx_word'/>
</head>
<body>
  <div class='ocr_page' id='page_1' title='image "./mtulliiciceroni34cicegoog/mtulliiciceroni34cicegoog_0256.png"; bbox 0 0 3292 5422; ppageno 0'>
   <div class='ocr_carea' id='block_1_1' title="bbox 285 485 340 539">
    <p class='ocr_par' dir='ltr' id='par_1_1' title="bbox 285 485 340 539">
     <span class='ocr_line' id='line_1_1' title="bbox 285 485 340 539; baseline 0.018 -1"><span class='ocrx_word' id='word_1_1' title='bbox 285 485 340 539; x_wconf 76' lang='lat' dir='ltr'>tao</span> 
     </span>
    </p>
   </div>
   <div class='ocr_carea' id='block_1_2' title="bbox 618 483 1088 551">
    <p class='ocr_par' dir='ltr' id='par_1_2' title="bbox 618 483 1088 551">
     <span class='ocr_line' id='line_1_2' title="bbox 618 483 1088 551; baseline 0.004 -14"><span class='ocrx_word' id='word_1_2' title='bbox 618 483 672 538; x_wconf 85' lang='lat' dir='ltr'>DE</span> <span class='ocrx_word' id='word_1_3' title='bbox 704 484 921 551; x_wconf 76' lang='grc' dir='ltr'>ΟΙΙΑΤΟΙΙΕ,</span> <span class='ocrx_word' id='word_1_4' title='bbox 954 484 1032 539; x_wconf 86' lang='lat' dir='ltr'>LlB.</span> <span class='ocrx_word' id='word_1_5' title='bbox 1065 484 1088 539; x_wconf 86' lang='lat'>1.</span> 
     </span>
    </p>
   </div>
   <div class='ocr_carea' id='block_1_3' title="bbox 232 593 1428 1740">
    <p class='ocr_par' dir='ltr' id='par_1_3' title="bbox 232 593 1428 1740">
     <span class='ocr_line' id='line_1_3' title="bbox 281 593 1424 701; baseline -0.003 -18"><span class='ocrx_word' id='word_1_6' title='bbox 281 593 391 684; x_wconf 90' lang='lat' dir='ltr'>morte</span> <span class='ocrx_word' id='word_1_7' title='bbox 412 615 616 701; x_wconf 82' lang='lat' dir='ltr'>multantur3</span> <span class='ocrx_word' id='word_1_8' title='bbox 629 629 662 684; x_wconf 90' lang='lat' dir='ltr'>ct</span> <span class='ocrx_word' id='word_1_9' title='bbox 680 615 847 684; x_wconf 87' lang='lat' dir='ltr'>docemur</span> <span class='ocrx_word' id='word_1_10' title='bbox 863 641 933 684; x_wconf 94' lang='lat' dir='ltr'>non</span> <span class='ocrx_word' id='word_1_11' title='bbox 951 614 1091 685; x_wconf 87' lang='lat' dir='ltr'>infinitis</span> <span class='ocrx_word' id='word_1_12' title='bbox 1107 614 1424 683; x_wconf 90' lang='lat' dir='ltr'>concertationum-</span> 
     </span>
     <span class='ocr_line' id='line_1_4' title="bbox 281 728 1424 824; baseline -0.003 -26"><span class='ocrx_word' id='word_1_13' title='bbox 281 755 349 823; x_wconf 87' lang='lat' dir='ltr'>que</span> <span class='ocrx_word' id='word_1_14' title='bbox 372 731 482 824; x_wconf 91' lang='lat' dir='ltr'>pleuis</span> <span class='ocrx_word' id='word_1_15' title='bbox 509 730 808 824; x_wconf 78' lang='lat' dir='ltr'>disputationibus,</span> <span class='ocrx_word' id='word_1_16' title='bbox 828 731 887 799; x_wconf 90' lang='lat' dir='ltr'>sed</span> <span class='ocrx_word' id='word_1_17' title='bbox 908 729 1110 799; x_wconf 75' lang='lat' dir='ltr'>auctoritaie</span> <span class='ocrx_word' id='word_1_18' title='bbox 1128 745 1285 823; x_wconf 90' lang='lat' dir='ltr'>nutuque</span> <span class='ocrx_word' id='word_1_19' title='bbox 1311 728 1424 822; x_wconf 86' lang='lat' dir='ltr'>legum</span> 
     </span>
     <span class='ocr_line' id='line_1_5' title="bbox 281 844 1422 939; baseline -0.002 -27"><span class='ocrx_word' id='word_1_20' title='bbox 281 845 427 913; x_wconf 87' lang='lat' dir='ltr'>domitas</span> <span class='ocrx_word' id='word_1_21' title='bbox 463 845 589 915; x_wconf 88' lang='lat' dir='ltr'>habere</span> <span class='ocrx_word' id='word_1_22' title='bbox 635 845 805 926; x_wconf 88' lang='lat' dir='ltr'>libidines,</span> <span class='ocrx_word' id='word_1_23' title='bbox 845 859 1007 916; x_wconf 57' lang='lat' dir='ltr'>coercere</span> <span class='ocrx_word' id='word_1_24' title='bbox 1044 870 1163 915; x_wconf 88' lang='lat' dir='ltr'>omnes</span> <span class='ocrx_word' id='word_1_25' title='bbox 1202 844 1422 939; x_wconf 90' lang='lat' dir='ltr'>cupiditates,</span> 
     </span>
     <span class='ocr_line' id='line_1_6' title="bbox 282 960 1422 1046; baseline -0.004 -17"><span class='ocrx_word' id='word_1_26' title='bbox 282 975 397 1029; x_wconf 87' lang='lat' dir='ltr'>nostra</span> <span class='ocrx_word' id='word_1_27' title='bbox 427 961 528 1044; x_wconf 90' lang='lat' dir='ltr'>tueri,</span> <span class='ocrx_word' id='word_1_28' title='bbox 556 961 597 1028; x_wconf 92' lang='lat' dir='ltr'>ab</span> <span class='ocrx_word' id='word_1_29' title='bbox 620 961 739 1029; x_wconf 87' lang='lat' dir='ltr'>alienis</span> <span class='ocrx_word' id='word_1_30' title='bbox 757 977 901 1045; x_wconf 86' lang='lat' dir='ltr'>mentes,</span> <span class='ocrx_word' id='word_1_31' title='bbox 930 963 1062 1046; x_wconf 84' lang='lat' dir='ltr'>oculos,</span> <span class='ocrx_word' id='word_1_32' title='bbox 1091 986 1212 1029; x_wconf 91' lang='lat' dir='ltr'>manus</span> <span class='ocrx_word' id='word_1_33' title='bbox 1236 960 1422 1028; x_wconf 85' lang='lat' dir='ltr'>abstinere.</span> 
     </span>
     <span class='ocr_line' id='line_1_7' title="bbox 250 1073 1426 1171; baseline 0.003 -33"><span class='ocrx_word' id='word_1_34' title='bbox 250 1085 266 1138; x_wconf 83' lang='lat'>5</span> <span class='ocrx_word' id='word_1_35' title='bbox 282 1079 409 1144; x_wconf 81' lang='lat' dir='ltr'>XLIV.</span> <span class='ocrx_word' id='word_1_36' title='bbox 441 1082 524 1165; x_wconf 68' lang='lat' dir='ltr'>[tas]</span> <span class='ocrx_word' id='word_1_37' title='bbox 543 1079 702 1146; x_wconf 78' lang='lat' dir='ltr'>Fremant</span> <span class='ocrx_word' id='word_1_38' title='bbox 720 1102 838 1145; x_wconf 89' lang='lat' dir='ltr'>omnes</span> <span class='ocrx_word' id='word_1_39' title='bbox 857 1077 948 1162; x_wconf 83' lang='lat' dir='ltr'>licet,</span> <span class='ocrx_word' id='word_1_40' title='bbox 968 1077 1078 1145; x_wconf 87' lang='lat' dir='ltr'>dicam</span> <span class='ocrx_word' id='word_1_41' title='bbox 1100 1076 1193 1171; x_wconf 91' lang='lat' dir='ltr'>quod</span> <span class='ocrx_word' id='word_1_42' title='bbox 1214 1075 1354 1145; x_wconf 86' lang='lat' dir='ltr'>sentio:</span> <span class='ocrx_word' id='word_1_43' title='bbox 1373 1073 1426 1142; x_wconf 91' lang='lat' dir='ltr'>bi-</span> 
     </span>
     <span class='ocr_line' id='line_1_8' title="bbox 282 1189 1427 1287; baseline -0.003 -28"><span class='ocrx_word' id='word_1_44' title='bbox 282 1191 471 1260; x_wconf 89' lang='lat' dir='ltr'>bliothecas</span> <span class='ocrx_word' id='word_1_45' title='bbox 498 1192 697 1261; x_wconf 86' lang='lat' dir='ltr'>mehercule</span> <span class='ocrx_word' id='word_1_46' title='bbox 723 1192 877 1261; x_wconf 91' lang='lat' dir='ltr'>omnium</span> <span class='ocrx_word' id='word_1_47' title='bbox 909 1192 1195 1287; x_wconf 89' lang='lat' dir='ltr'>philosophorum</span> <span class='ocrx_word' id='word_1_48' title='bbox 1218 1216 1309 1259; x_wconf 89' lang='lat' dir='ltr'>unus</span> <span class='ocrx_word' id='word_1_49' title='bbox 1342 1189 1427 1257; x_wconf 91' lang='lat' dir='ltr'>mibi</span> 
     </span>
     <span class='ocr_line' id='line_1_9' title="bbox 283 1305 1427 1403; baseline -0.001 -29"><span class='ocrx_word' id='word_1_50' title='bbox 283 1307 419 1376; x_wconf 91' lang='lat' dir='ltr'>videtur</span> <span class='ocrx_word' id='word_1_51' title='bbox 437 1331 486 1376; x_wconf 86' lang='lat' dir='ltr'>xn</span> <span class='ocrx_word' id='word_1_52' title='bbox 504 1307 696 1375; x_wconf 90' lang='lat' dir='ltr'>tabularum</span> <span class='ocrx_word' id='word_1_53' title='bbox 716 1307 862 1392; x_wconf 89' lang='lat' dir='ltr'>libellus,</span> <span class='ocrx_word' id='word_1_54' title='bbox 877 1310 903 1376; x_wconf 91' lang='lat' dir='ltr'>si</span> <span class='ocrx_word' id='word_1_55' title='bbox 918 1308 994 1402; x_wconf 91' lang='lat' dir='ltr'>quis</span> <span class='ocrx_word' id='word_1_56' title='bbox 1012 1310 1126 1403; x_wconf 82' lang='lat' dir='ltr'>legum</span> <span class='ocrx_word' id='word_1_57' title='bbox 1139 1308 1250 1377; x_wconf 87' lang='lat' dir='ltr'>fontes</span> <span class='ocrx_word' id='word_1_58' title='bbox 1266 1321 1301 1375; x_wconf 87' lang='lat' dir='ltr'>et</span> <span class='ocrx_word' id='word_1_59' title='bbox 1317 1305 1427 1399; x_wconf 87' lang='lat' dir='ltr'>capita</span> 
     </span>
     <span class='ocr_line' id='line_1_10' title="bbox 283 1422 1428 1518; baseline -0.002 -28"><span class='ocrx_word' id='word_1_60' title='bbox 283 1422 419 1503; x_wconf 88' lang='lat' dir='ltr'>viderit,</span> <span class='ocrx_word' id='word_1_61' title='bbox 440 1437 472 1491; x_wconf 90' lang='lat' dir='ltr'>et</span> <span class='ocrx_word' id='word_1_62' title='bbox 494 1422 705 1491; x_wconf 79' lang='lat' dir='ltr'>auctoritatis</span> <span class='ocrx_word' id='word_1_63' title='bbox 731 1423 886 1518; x_wconf 88' lang='lat' dir='ltr'>pondere</span> <span class='ocrx_word' id='word_1_64' title='bbox 912 1439 945 1492; x_wconf 89' lang='lat' dir='ltr'>et</span> <span class='ocrx_word' id='word_1_65' title='bbox 970 1423 1123 1493; x_wconf 80' lang='lat' dir='ltr'>utilitatis</span> <span class='ocrx_word' id='word_1_66' title='bbox 1143 1424 1300 1492; x_wconf 90' lang='lat' dir='ltr'>ubertate</span> <span class='ocrx_word' id='word_1_67' title='bbox 1323 1446 1428 1516; x_wconf 90' lang='lat' dir='ltr'>supe-</span> 
     </span>
     <span class='ocr_line' id='line_1_11' title="bbox 283 1537 1427 1632; baseline -0.002 -26"><span class='ocrx_word' id='word_1_68' title='bbox 283 1563 371 1607; x_wconf 86' lang='lat' dir='ltr'>rare.</span> <span class='ocrx_word' id='word_1_69' title='bbox 395 1544 477 1628; x_wconf 78' lang='lat' dir='ltr'>[tao]</span> <span class='ocrx_word' id='word_1_70' title='bbox 494 1543 542 1607; x_wconf 87' lang='lat' dir='ltr'>Ac</span> <span class='ocrx_word' id='word_1_71' title='bbox 567 1539 594 1606; x_wconf 88' lang='lat' dir='ltr'>si</span> <span class='ocrx_word' id='word_1_72' title='bbox 615 1564 690 1622; x_wconf 89' lang='lat' dir='ltr'>uos,</span> <span class='ocrx_word' id='word_1_73' title='bbox 712 1538 745 1605; x_wconf 91' lang='lat' dir='ltr'>id</span> <span class='ocrx_word' id='word_1_74' title='bbox 766 1539 859 1632; x_wconf 91' lang='lat' dir='ltr'>quod</span> <span class='ocrx_word' id='word_1_75' title='bbox 879 1539 1024 1608; x_wconf 87' lang='lat' dir='ltr'>maxime</span> <span class='ocrx_word' id='word_1_76' title='bbox 1045 1539 1160 1622; x_wconf 88' lang='lat' dir='ltr'>debet,</span> <span class='ocrx_word' id='word_1_77' title='bbox 1178 1553 1296 1607; x_wconf 86' lang='lat' dir='ltr'>nostra</span> <span class='ocrx_word' id='word_1_78' title='bbox 1319 1537 1427 1632; x_wconf 87' lang='lat' dir='ltr'>patria</span> 
     </span>
     <span class='ocr_line' id='line_1_12' title="bbox 232 1653 1427 1740; baseline -0.001 -20"><span class='ocrx_word' id='word_1_79' title='bbox 232 1667 266 1721; x_wconf 90' lang='lat'>10</span> <span class='ocrx_word' id='word_1_80' title='bbox 283 1655 442 1740; x_wconf 89' lang='lat' dir='ltr'>delectat,</span> <span class='ocrx_word' id='word_1_81' title='bbox 462 1655 558 1723; x_wconf 89' lang='lat' dir='ltr'>cuius</span> <span class='ocrx_word' id='word_1_82' title='bbox 576 1655 625 1724; x_wconf 92' lang='lat' dir='ltr'>rei</span> <span class='ocrx_word' id='word_1_83' title='bbox 645 1670 738 1723; x_wconf 85' lang='lat' dir='ltr'>tanta</span> <span class='ocrx_word' id='word_1_84' title='bbox 758 1670 808 1724; x_wconf 86' lang='lat' dir='ltr'>est</span> <span class='ocrx_word' id='word_1_85' title='bbox 825 1655 875 1723; x_wconf 90' lang='lat' dir='ltr'>vis</span> <span class='ocrx_word' id='word_1_86' title='bbox 892 1680 931 1723; x_wconf 88' lang='lat' dir='ltr'>ac</span> <span class='ocrx_word' id='word_1_87' title='bbox 949 1670 1040 1724; x_wconf 87' lang='lat' dir='ltr'>tanta</span> <span class='ocrx_word' id='word_1_88' title='bbox 1061 1670 1193 1738; x_wconf 87' lang='lat' dir='ltr'>natura,</span> <span class='ocrx_word' id='word_1_89' title='bbox 1218 1669 1254 1722; x_wconf 90' lang='lat' dir='ltr'>ut</span> <span class='ocrx_word' id='word_1_90' title='bbox 1274 1653 1427 1721; x_wconf 86' lang='lat' dir='ltr'>ithacam</span> 
     </span>
    </p>
   </div>
   <div class='ocr_carea' id='block_1_4' title="bbox 283 1895 1427 2031">
    <p class='ocr_par' dir='ltr' id='par_1_4' title="bbox 283 1895 1427 2031">
     <span class='ocr_line' id='line_1_13' title="bbox 313 1895 1427 1942; baseline -0.003 -1"><span class='ocrx_word' id='word_1_91' title='bbox 313 1897 361 1942; x_wconf 74' lang='grc' dir='ltr'>ΝΟ.</span> <span class='ocrx_word' id='word_1_92' title='bbox 379 1903 416 1941; x_wconf 81' lang='lat' dir='ltr'>to.</span> <span class='ocrx_word' id='word_1_93' title='bbox 434 1906 545 1940; x_wconf 81' lang='lat' dir='ltr'>teutacst</span> <span class='ocrx_word' id='word_1_94' title='bbox 560 1895 597 1940; x_wconf 85' lang='lat' dir='ltr'>uis</span> <span class='ocrx_word' id='word_1_95' title='bbox 611 1912 639 1940; x_wconf 85' lang='lat' dir='ltr'>oc</span> <span class='ocrx_word' id='word_1_96' title='bbox 662 1906 730 1940; x_wconf 80' lang='lat' dir='ltr'>tonte</span> <span class='ocrx_word' id='word_1_97' title='bbox 743 1906 831 1940; x_wconf 75' lang='lat' dir='ltr'>neutra</span> <span class='ocrx_word' id='word_1_98' title='bbox 848 1898 904 1942; x_wconf 89' lang='lat' dir='ltr'>Mss.</span> <span class='ocrx_word' id='word_1_99' title='bbox 925 1895 1023 1942; x_wconf 76' lang='lat' dir='ltr'>Ellendt</span> <span class='ocrx_word' id='word_1_100' title='bbox 1040 1907 1090 1941; x_wconf 87' lang='lat' dir='ltr'>met</span> <span class='ocrx_word' id='word_1_101' title='bbox 1106 1907 1174 1941; x_wconf 80' lang='lat' dir='ltr'>entre</span> <span class='ocrx_word' id='word_1_102' title='bbox 1190 1895 1299 1940; x_wconf 83' lang='lat' dir='ltr'>crochets</span> <span class='ocrx_word' id='word_1_103' title='bbox 1314 1910 1343 1939; x_wconf 85' lang='lat' dir='ltr'>ue</span> <span class='ocrx_word' id='word_1_104' title='bbox 1361 1904 1427 1938; x_wconf 82' lang='lat' dir='ltr'>tento</span> 
     </span>
     <span class='ocr_line' id='line_1_14' title="bbox 283 1965 1427 2031; baseline -0.002 -20"><span class='ocrx_word' id='word_1_105' title='bbox 283 1979 387 2021; x_wconf 67' lang='lat' dir='ltr'>stratura,¹</span> <span class='ocrx_word' id='word_1_106' title='bbox 410 1969 497 2028; x_wconf 78' lang='lat' dir='ltr'>Kayser</span> <span class='ocrx_word' id='word_1_107' title='bbox 507 1983 535 2011; x_wconf 84' lang='lat' dir='ltr'>oc</span> <span class='ocrx_word' id='word_1_108' title='bbox 551 1977 626 2021; x_wconf 84' lang='lat' dir='ltr'>touta,</span> <span class='ocrx_word' id='word_1_109' title='bbox 642 1965 727 2011; x_wconf 78' lang='lat' dir='ltr'>faisant</span> <span class='ocrx_word' id='word_1_110' title='bbox 741 1967 771 2012; x_wconf 88' lang='lat' dir='ltr'>dc</span> <span class='ocrx_word' id='word_1_111' title='bbox 783 1979 870 2013; x_wconf 62' lang='lat' dir='ltr'>tratura</span> <span class='ocrx_word' id='word_1_112' title='bbox 883 1984 915 2013; x_wconf 88' lang='lat' dir='ltr'>un</span> <span class='ocrx_word' id='word_1_113' title='bbox 928 1965 1025 2022; x_wconf 74' lang='lat' dir='ltr'>ablstil3</span> <span class='ocrx_word' id='word_1_114' title='bbox 1039 1968 1113 2031; x_wconf 78' lang='lat' dir='ltr'>Cium²</span> <span class='ocrx_word' id='word_1_115' title='bbox 1129 1977 1197 2013; x_wconf 84' lang='lat' dir='ltr'>tanta</span> <span class='ocrx_word' id='word_1_116' title='bbox 1210 1967 1352 2014; x_wconf 85' lang='lat' dir='ltr'>seulement.</span> <span class='ocrx_word' id='word_1_117' title='bbox 1374 1966 1427 2010; x_wconf 77' lang='lat' dir='ltr'>Voir</span> 
     </span>
    </p>
   </div>
   <div class='ocr_carea' id='block_1_5' title="bbox 283 2037 507 2084">
    <p class='ocr_par' dir='ltr' id='par_1_5' title="bbox 283 2037 507 2084">
     <span class='ocr_line' id='line_1_15' title="bbox 283 2037 507 2084; baseline 0 -2"><span class='ocrx_word' id='word_1_118' title='bbox 283 2039 304 2083; x_wconf 84' lang='lat' dir='ltr'>lo</span> <span class='ocrx_word' id='word_1_119' title='bbox 324 2037 507 2084; x_wconf 72' lang='lat' dir='ltr'>commentaire,</span> 
     </span>
    </p>
   </div>
   <div class='ocr_carea' id='block_1_6' title="bbox 283 2234 830 4580">
    <p class='ocr_par' dir='ltr' id='par_1_6' title="bbox 283 2234 830 2942">
     <span class='ocr_line' id='line_1_16' title="bbox 315 2234 830 2296; baseline 0.004 -17"><span class='ocrx_word' id='word_1_120' title='bbox 315 2243 337 2280; x_wconf 83' lang='lat' dir='ltr'>t.</span> <span class='ocrx_word' id='word_1_121' title='bbox 352 2237 475 2281; x_wconf 76' lang='lat' dir='ltr'>Dmemur.</span> <span class='ocrx_word' id='word_1_122' title='bbox 486 2236 518 2279; x_wconf 82' lang='lat' dir='ltr'>La</span> <span class='ocrx_word' id='word_1_123' title='bbox 528 2234 560 2280; x_wconf 82' lang='lat' dir='ltr'>loi</span> <span class='ocrx_word' id='word_1_124' title='bbox 573 2235 633 2281; x_wconf 87' lang='lat' dir='ltr'>n’est</span> <span class='ocrx_word' id='word_1_125' title='bbox 647 2251 688 2296; x_wconf 82' lang='lat' dir='ltr'>pas</span> <span class='ocrx_word' id='word_1_126' title='bbox 700 2236 830 2286; x_wconf 83' lang='lat' dir='ltr'>seulement</span> 
     </span>
     <span class='ocr_line' id='line_1_17' title="bbox 284 2305 827 2370; baseline 0.002 -18"><span class='ocrx_word' id='word_1_127' title='bbox 284 2324 313 2352; x_wconf 92' lang='lat' dir='ltr'>un</span> <span class='ocrx_word' id='word_1_128' title='bbox 335 2309 559 2367; x_wconf 77' lang='lat' dir='ltr'>encouragementis</span> <span class='ocrx_word' id='word_1_129' title='bbox 584 2305 638 2351; x_wconf 86' lang='lat' dir='ltr'>bien</span> <span class='ocrx_word' id='word_1_130' title='bbox 658 2307 716 2351; x_wconf 76' lang='lat' dir='ltr'>inire</span> <span class='ocrx_word' id='word_1_131' title='bbox 736 2308 827 2370; x_wconf 73' lang='lat' dir='ltr'>(digni-</span> 
     </span>
     <span class='ocr_line' id='line_1_18' title="bbox 284 2378 828 2439; baseline 0.006 -16"><span class='ocrx_word' id='word_1_132' title='bbox 284 2391 354 2423; x_wconf 83' lang='lat' dir='ltr'>tatem</span> <span class='ocrx_word' id='word_1_133' title='bbox 382 2379 544 2439; x_wconf 77' lang='lat' dir='ltr'>expetendum)</span> <span class='ocrx_word' id='word_1_134' title='bbox 560 2394 604 2438; x_wconf 77' lang='lat' dir='ltr'>per</span> <span class='ocrx_word' id='word_1_135' title='bbox 617 2378 741 2439; x_wconf 80' lang='lat' dir='ltr'>l&#39;exemple</span> <span class='ocrx_word' id='word_1_136' title='bbox 755 2381 785 2425; x_wconf 88' lang='lat' dir='ltr'>de</span> <span class='ocrx_word' id='word_1_137' title='bbox 802 2397 828 2426; x_wconf 88' lang='lat' dir='ltr'>ee</span> 
     </span>
     <span class='ocr_line' id='line_1_19' title="bbox 283 2449 828 2511; baseline 0.002 -16"><span class='ocrx_word' id='word_1_138' title='bbox 283 2450 324 2511; x_wconf 91' lang='lat' dir='ltr'>qui</span> <span class='ocrx_word' id='word_1_139' title='bbox 351 2450 425 2494; x_wconf 86' lang='lat' dir='ltr'>arrivo</span> <span class='ocrx_word' id='word_1_140' title='bbox 450 2450 462 2492; x_wconf 84' lang='lat' dir='ltr'>&#39;s</span> <span class='ocrx_word' id='word_1_141' title='bbox 485 2449 597 2495; x_wconf 83' lang='lat' dir='ltr'>l&#39;homme</span> <span class='ocrx_word' id='word_1_142' title='bbox 623 2451 653 2494; x_wconf 90' lang='lat' dir='ltr'>de</span> <span class='ocrx_word' id='word_1_143' title='bbox 675 2450 745 2507; x_wconf 85' lang='lat' dir='ltr'>bien;</span> <span class='ocrx_word' id='word_1_144' title='bbox 772 2452 828 2497; x_wconf 86' lang='lat' dir='ltr'>e&#39;est</span> 
     </span>
     <span class='ocr_line' id='line_1_20' title="bbox 283 2520 828 2584; baseline 0 -17"><span class='ocrx_word' id='word_1_145' title='bbox 283 2539 367 2567; x_wconf 77' lang='lat' dir='ltr'>encore</span> <span class='ocrx_word' id='word_1_146' title='bbox 401 2538 431 2565; x_wconf 92' lang='lat' dir='ltr'>un</span> <span class='ocrx_word' id='word_1_147' title='bbox 458 2520 577 2581; x_wconf 74' lang='lat' dir='ltr'>impiet-atil</span> <span class='ocrx_word' id='word_1_148' title='bbox 611 2523 762 2584; x_wconf 73' lang='lat' dir='ltr'>categorique</span> <span class='ocrx_word' id='word_1_149' title='bbox 787 2524 828 2582; x_wconf 91' lang='lat' dir='ltr'>qui</span> 
     </span>
     <span class='ocr_line' id='line_1_21' title="bbox 283 2592 826 2652; baseline 0 -14"><span class='ocrx_word' id='word_1_150' title='bbox 283 2593 361 2652; x_wconf 71' lang='lat' dir='ltr'>obligo</span> <span class='ocrx_word' id='word_1_151' title='bbox 372 2594 394 2637; x_wconf 87' lang='lat' dir='ltr'>la</span> <span class='ocrx_word' id='word_1_152' title='bbox 410 2592 545 2637; x_wconf 77' lang='lat' dir='ltr'>conscience</span> <span class='ocrx_word' id='word_1_153' title='bbox 566 2593 596 2637; x_wconf 92' lang='lat' dir='ltr'>do</span> <span class='ocrx_word' id='word_1_154' title='bbox 611 2594 709 2639; x_wconf 87' lang='lat' dir='ltr'>chacun.</span> <span class='ocrx_word' id='word_1_155' title='bbox 724 2619 756 2628; x_wconf 93' lang='lat'>-</span> <span class='ocrx_word' id='word_1_156' title='bbox 770 2597 826 2640; x_wconf 85' lang='lat' dir='ltr'>Cer·</span> 
     </span>
     <span class='ocr_line' id='line_1_22' title="bbox 285 2664 827 2710; baseline -0.002 0"><span class='ocrx_word' id='word_1_157' title='bbox 285 2666 406 2710; x_wconf 74' lang='lat' dir='ltr'>tatianum.</span> <span class='ocrx_word' id='word_1_158' title='bbox 435 2664 579 2709; x_wconf 80' lang='lat' dir='ltr'>Diseussions</span> <span class='ocrx_word' id='word_1_159' title='bbox 602 2665 632 2709; x_wconf 87' lang='grc' dir='ltr'>οὺ</span> <span class='ocrx_word' id='word_1_160' title='bbox 658 2666 680 2709; x_wconf 88' lang='lat' dir='ltr'>le</span> <span class='ocrx_word' id='word_1_161' title='bbox 708 2665 827 2710; x_wconf 72' lang='lat' dir='ltr'>debetne</span> 
     </span>
     <span class='ocr_line' id='line_1_23' title="bbox 283 2735 827 2798; baseline 0.002 -18"><span class='ocrx_word' id='word_1_162' title='bbox 283 2735 358 2796; x_wconf 79' lang='lat' dir='ltr'>prond</span> <span class='ocrx_word' id='word_1_163' title='bbox 372 2736 456 2794; x_wconf 82' lang='lat' dir='ltr'>jamnis</span> <span class='ocrx_word' id='word_1_164' title='bbox 468 2735 509 2792; x_wconf 82' lang='lat' dir='ltr'>sm,</span> <span class='ocrx_word' id='word_1_165' title='bbox 521 2737 561 2798; x_wconf 92' lang='lat' dir='ltr'>qui</span> <span class='ocrx_word' id='word_1_166' title='bbox 576 2752 605 2781; x_wconf 88' lang='lat' dir='ltr'>ne</span> <span class='ocrx_word' id='word_1_167' title='bbox 619 2736 792 2797; x_wconf 81' lang='lat' dir='ltr'>convninqucut</span> <span class='ocrx_word' id='word_1_168' title='bbox 803 2748 827 2781; x_wconf 86' lang='lat' dir='ltr'>et</span> 
     </span>
     <span class='ocr_line' id='line_1_24' title="bbox 284 2806 826 2869; baseline -0.002 -16"><span class='ocrx_word' id='word_1_169' title='bbox 284 2809 451 2869; x_wconf 81' lang='lat' dir='ltr'>n’astreignent</span> <span class='ocrx_word' id='word_1_170' title='bbox 466 2824 580 2868; x_wconf 83' lang='lat' dir='ltr'>personne</span> <span class='ocrx_word' id='word_1_171' title='bbox 601 2806 701 2869; x_wconf 73' lang='lat' dir='ltr'>(comune</span> <span class='ocrx_word' id='word_1_172' title='bbox 723 2818 775 2852; x_wconf 87' lang='lat' dir='ltr'>sont</span> <span class='ocrx_word' id='word_1_173' title='bbox 793 2809 826 2853; x_wconf 91' lang='lat' dir='ltr'>les</span> 
     </span>
     <span class='ocr_line' id='line_1_25' title="bbox 283 2880 649 2942; baseline 0 -18"><span class='ocrx_word' id='word_1_174' title='bbox 283 2880 424 2925; x_wconf 79' lang='lat' dir='ltr'>discussions</span> <span class='ocrx_word' id='word_1_175' title='bbox 439 2880 649 2942; x_wconf 84' lang='lat' dir='ltr'>philosophiques).</span> 
     </span>
    </p>

    <p class='ocr_par' dir='ltr' id='par_1_7' title="bbox 316 2951 653 3012">
     <span class='ocr_line' id='line_1_26' title="bbox 316 2951 653 3012; baseline 0.006 -16"><span class='ocrx_word' id='word_1_176' title='bbox 316 2959 338 2998; x_wconf 70' lang='grc' dir='ltr'>Ι.</span> <span class='ocrx_word' id='word_1_177' title='bbox 352 2955 416 2997; x_wconf 78' lang='lat' dir='ltr'>Nutu</span> <span class='ocrx_word' id='word_1_178' title='bbox 426 2952 513 3012; x_wconf 77' lang='lat' dir='ltr'>legunt.</span> <span class='ocrx_word' id='word_1_179' title='bbox 525 2951 562 2998; x_wconf 73' lang='grc' dir='ltr'>(ΣΙ.</span> <span class='ocrx_word' id='word_1_180' title='bbox 575 2958 598 3005; x_wconf 82' lang='lat' dir='ltr'>t),</span> <span class='ocrx_word' id='word_1_181' title='bbox 616 2957 653 2998; x_wconf 77' lang='grc'>38.</span> 
     </span>
    </p>

    <p class='ocr_par' dir='ltr' id='par_1_8' title="bbox 283 3021 827 3365">
     <span class='ocr_line' id='line_1_27' title="bbox 315 3021 827 3069; baseline 0.002 -1"><span class='ocrx_word' id='word_1_182' title='bbox 315 3029 337 3069; x_wconf 84' lang='lat' dir='ltr'>t.</span> <span class='ocrx_word' id='word_1_183' title='bbox 360 3022 396 3068; x_wconf 79' lang='lat' dir='ltr'>Aa</span> <span class='ocrx_word' id='word_1_184' title='bbox 413 3021 508 3066; x_wconf 68' lang='lat' dir='ltr'>altenis.</span> <span class='ocrx_word' id='word_1_185' title='bbox 529 3025 617 3068; x_wconf 82' lang='lat' dir='ltr'>Neutro</span> <span class='ocrx_word' id='word_1_186' title='bbox 635 3023 768 3068; x_wconf 79' lang='lat' dir='ltr'>facilement</span> <span class='ocrx_word' id='word_1_187' title='bbox 787 3039 827 3069; x_wconf 87' lang='lat' dir='ltr'>re-</span> 
     </span>
     <span class='ocr_line' id='line_1_28' title="bbox 283 3093 826 3154; baseline 0 -16"><span class='ocrx_word' id='word_1_188' title='bbox 283 3093 444 3139; x_wconf 84' lang='lat' dir='ltr'>connaissnble</span> <span class='ocrx_word' id='word_1_189' title='bbox 465 3109 507 3152; x_wconf 86' lang='lat' dir='ltr'>pm·</span> <span class='ocrx_word' id='word_1_190' title='bbox 526 3094 587 3139; x_wconf 82' lang='lat' dir='ltr'>ruite</span> <span class='ocrx_word' id='word_1_191' title='bbox 610 3093 641 3137; x_wconf 90' lang='lat' dir='ltr'>du</span> <span class='ocrx_word' id='word_1_192' title='bbox 658 3095 776 3154; x_wconf 80' lang='lat' dir='ltr'>roisinngc</span> <span class='ocrx_word' id='word_1_193' title='bbox 796 3095 826 3138; x_wconf 90' lang='lat' dir='ltr'>de</span> 
     </span>
     <span class='ocr_line' id='line_1_29' title="bbox 284 3162 824 3226; baseline 0 -18"><span class='ocrx_word' id='word_1_194' title='bbox 284 3176 370 3210; x_wconf 83' lang='lat' dir='ltr'>nostru.</span> <span class='ocrx_word' id='word_1_195' title='bbox 405 3163 440 3209; x_wconf 66' lang='grc' dir='ltr'>(ΙΙ,</span> <span class='ocrx_word' id='word_1_196' title='bbox 465 3162 495 3209; x_wconf 89' lang='lat' dir='ltr'>de</span> <span class='ocrx_word' id='word_1_197' title='bbox 522 3165 597 3209; x_wconf 74' lang='lat' dir='ltr'>mdme</span> <span class='ocrx_word' id='word_1_198' title='bbox 623 3166 667 3224; x_wconf 73' lang='grc' dir='ltr'>ΙΙΙ,</span> <span class='ocrx_word' id='word_1_199' title='bbox 696 3170 734 3226; x_wconf 68' lang='grc'>36,</span> <span class='ocrx_word' id='word_1_200' title='bbox 756 3169 824 3208; x_wconf 76' lang='lat' dir='ltr'>ldb:</span> 
     </span>
     <span class='ocr_line' id='line_1_30' title="bbox 285 3235 826 3294; baseline -0.002 -14"><span class='ocrx_word' id='word_1_201' title='bbox 285 3251 297 3280; x_wconf 83' lang='lat' dir='ltr'>t</span> <span class='ocrx_word' id='word_1_202' title='bbox 312 3235 459 3294; x_wconf 82' lang='lat' dir='ltr'>rationesque</span> <span class='ocrx_word' id='word_1_203' title='bbox 474 3246 497 3280; x_wconf 89' lang='lat' dir='ltr'>et</span> <span class='ocrx_word' id='word_1_204' title='bbox 512 3252 555 3294; x_wconf 87' lang='lat' dir='ltr'>pro</span> <span class='ocrx_word' id='word_1_205' title='bbox 574 3237 681 3281; x_wconf 88' lang='lat' dir='ltr'>omnibus</span> <span class='ocrx_word' id='word_1_206' title='bbox 701 3246 725 3280; x_wconf 87' lang='lat' dir='ltr'>et</span> <span class='ocrx_word' id='word_1_207' title='bbox 744 3245 826 3279; x_wconf 78' lang='lat' dir='ltr'>contre</span> 
     </span>
     <span class='ocr_line' id='line_1_31' title="bbox 284 3306 544 3365; baseline 0.008 -16"><span class='ocrx_word' id='word_1_208' title='bbox 284 3308 363 3350; x_wconf 88' lang='lat' dir='ltr'>onmia</span> <span class='ocrx_word' id='word_1_209' title='bbox 378 3306 514 3365; x_wconf 86' lang='lat' dir='ltr'>disputandi</span> <span class='ocrx_word' id='word_1_210' title='bbox 523 3323 544 3351; x_wconf 83' lang='lat' dir='ltr'>u.</span> 
     </span>
    </p>

    <p class='ocr_par' dir='ltr' id='par_1_9' title="bbox 284 3377 828 4580">
     <span class='ocr_line' id='line_1_32' title="bbox 317 3377 827 3438; baseline 0.004 -18"><span class='ocrx_word' id='word_1_211' title='bbox 317 3386 339 3422; x_wconf 78' lang='lat' dir='ltr'>b.</span> <span class='ocrx_word' id='word_1_212' title='bbox 368 3380 479 3422; x_wconf 77' lang='lat' dir='ltr'>Fremant</span> <span class='ocrx_word' id='word_1_213' title='bbox 500 3393 577 3421; x_wconf 73' lang='lat' dir='ltr'>orasses</span> <span class='ocrx_word' id='word_1_214' title='bbox 600 3387 648 3422; x_wconf 83' lang='lat' dir='ltr'>sert</span> <span class='ocrx_word' id='word_1_215' title='bbox 670 3379 683 3422; x_wconf 75' lang='lat' dir='ltr'>&#39;a</span> <span class='ocrx_word' id='word_1_216' title='bbox 714 3377 827 3438; x_wconf 69' lang='lat' dir='ltr'>preparer</span> 
     </span>
     <span class='ocr_line' id='line_1_33' title="bbox 285 3447 825 3508; baseline 0.006 -17"><span class='ocrx_word' id='word_1_217' title='bbox 285 3447 414 3491; x_wconf 75' lang='lat' dir='ltr'>l&#39;assertion</span> <span class='ocrx_word' id='word_1_218' title='bbox 426 3451 542 3497; x_wconf 80' lang='lat' dir='ltr'>suivante,</span> <span class='ocrx_word' id='word_1_219' title='bbox 568 3464 613 3508; x_wconf 90' lang='lat' dir='ltr'>que</span> <span class='ocrx_word' id='word_1_220' title='bbox 625 3448 723 3493; x_wconf 78' lang='lat' dir='ltr'>Ciceron</span> <span class='ocrx_word' id='word_1_221' title='bbox 734 3448 755 3493; x_wconf 90' lang='lat' dir='ltr'>le</span> <span class='ocrx_word' id='word_1_222' title='bbox 768 3465 825 3507; x_wconf 84' lang='lat' dir='ltr'>pre-</span> 
     </span>
     <span class='ocr_line' id='line_1_34' title="bbox 285 3517 825 3581; baseline 0.004 -19"><span class='ocrx_word' id='word_1_223' title='bbox 285 3517 343 3562; x_wconf 89' lang='lat' dir='ltr'>mier</span> <span class='ocrx_word' id='word_1_224' title='bbox 358 3519 435 3562; x_wconf 81' lang='lat' dir='ltr'>deruit</span> <span class='ocrx_word' id='word_1_225' title='bbox 449 3528 544 3562; x_wconf 82' lang='lat' dir='ltr'>trouver</span> <span class='ocrx_word' id='word_1_226' title='bbox 557 3518 682 3578; x_wconf 69' lang='lat' dir='ltr'>eugenie.</span> <span class='ocrx_word' id='word_1_227' title='bbox 699 3522 743 3565; x_wconf 88' lang='lat' dir='ltr'>Cet</span> <span class='ocrx_word' id='word_1_228' title='bbox 758 3519 825 3581; x_wconf 77' lang='lat' dir='ltr'>elogo</span> 
     </span>
     <span class='ocr_line' id='line_1_35' title="bbox 285 3588 825 3650; baseline 0.002 -16"><span class='ocrx_word' id='word_1_229' title='bbox 285 3589 456 3640; x_wconf 80' lang='lat' dir='ltr'>enthousiastr,</span> <span class='ocrx_word' id='word_1_230' title='bbox 471 3605 573 3649; x_wconf 85' lang='lat' dir='ltr'>presque</span> <span class='ocrx_word' id='word_1_231' title='bbox 591 3588 694 3650; x_wconf 73' lang='lat' dir='ltr'>lyrique‚</span> <span class='ocrx_word' id='word_1_232' title='bbox 715 3591 745 3636; x_wconf 87' lang='lat' dir='ltr'>de</span> <span class='ocrx_word' id='word_1_233' title='bbox 763 3591 784 3634; x_wconf 82' lang='lat' dir='ltr'>la</span> <span class='ocrx_word' id='word_1_234' title='bbox 795 3592 825 3635; x_wconf 92' lang='lat' dir='ltr'>loi</span> 
     </span>
     <span class='ocr_line' id='line_1_36' title="bbox 284 3661 827 3720; baseline 0.002 -15"><span class='ocrx_word' id='word_1_235' title='bbox 284 3663 324 3705; x_wconf 85' lang='lat' dir='ltr'>des</span> <span class='ocrx_word' id='word_1_236' title='bbox 337 3661 379 3706; x_wconf 83' lang='lat' dir='ltr'>xtt</span> <span class='ocrx_word' id='word_1_237' title='bbox 391 3661 478 3705; x_wconf 87' lang='lat' dir='ltr'>Tables</span> <span class='ocrx_word' id='word_1_238' title='bbox 490 3677 502 3705; x_wconf 79' lang='lat' dir='ltr'>a</span> <span class='ocrx_word' id='word_1_239' title='bbox 522 3662 551 3704; x_wconf 89' lang='lat' dir='ltr'>dc</span> <span class='ocrx_word' id='word_1_240' title='bbox 564 3661 629 3720; x_wconf 88' lang='lat' dir='ltr'>quoi,</span> <span class='ocrx_word' id='word_1_241' title='bbox 646 3661 712 3706; x_wconf 83' lang='lat' dir='ltr'>sinon</span> <span class='ocrx_word' id='word_1_242' title='bbox 724 3661 827 3707; x_wconf 74' lang='lat' dir='ltr'>revolter</span> 
     </span>
     <span class='ocr_line' id='line_1_37' title="bbox 284 3733 825 3794; baseline 0 -17"><span class='ocrx_word' id='word_1_243' title='bbox 284 3748 375 3777; x_wconf 88' lang='lat' dir='ltr'>couuue</span> <span class='ocrx_word' id='word_1_244' title='bbox 386 3733 407 3777; x_wconf 91' lang='lat' dir='ltr'>le</span> <span class='ocrx_word' id='word_1_245' title='bbox 418 3733 452 3777; x_wconf 90' lang='lat' dir='ltr'>dit</span> <span class='ocrx_word' id='word_1_246' title='bbox 465 3735 567 3794; x_wconf 70' lang='lat' dir='ltr'>Crassus,</span> <span class='ocrx_word' id='word_1_247' title='bbox 575 3748 603 3775; x_wconf 84' lang='lat' dir='ltr'>au</span> <span class='ocrx_word' id='word_1_248' title='bbox 613 3733 689 3778; x_wconf 85' lang='lat' dir='ltr'>moins</span> <span class='ocrx_word' id='word_1_249' title='bbox 699 3733 757 3779; x_wconf 81' lang='lat' dir='ltr'>faire</span> <span class='ocrx_word' id='word_1_250' title='bbox 772 3749 825 3777; x_wconf 86' lang='lat' dir='ltr'>sou-</span> 
     </span>
     <span class='ocr_line' id='line_1_38' title="bbox 284 3803 825 3866; baseline 0.002 -18"><span class='ocrx_word' id='word_1_251' title='bbox 284 3805 340 3850; x_wconf 86' lang='lat' dir='ltr'>rire.</span> <span class='ocrx_word' id='word_1_252' title='bbox 356 3803 521 3849; x_wconf 84' lang='lat' dir='ltr'>Mnisl’uuteur</span> <span class='ocrx_word' id='word_1_253' title='bbox 530 3814 584 3849; x_wconf 84' lang='lat' dir='ltr'>rent</span> <span class='ocrx_word' id='word_1_254' title='bbox 593 3821 639 3865; x_wconf 88' lang='lat' dir='ltr'>que</span> <span class='ocrx_word' id='word_1_255' title='bbox 650 3820 684 3849; x_wconf 83' lang='lat' dir='ltr'>ses</span> <span class='ocrx_word' id='word_1_256' title='bbox 696 3805 825 3866; x_wconf 67' lang='lat' dir='ltr'>dialogum,</span> 
     </span>
     <span class='ocr_line' id='line_1_39' title="bbox 285 3877 826 3937; baseline 0 -17"><span class='ocrx_word' id='word_1_257' title='bbox 285 3893 313 3920; x_wconf 86' lang='lat' dir='ltr'>cu</span> <span class='ocrx_word' id='word_1_258' title='bbox 326 3878 402 3921; x_wconf 73' lang='lat' dir='ltr'>meme</span> <span class='ocrx_word' id='word_1_259' title='bbox 420 3886 496 3937; x_wconf 86' lang='lat' dir='ltr'>temps</span> <span class='ocrx_word' id='word_1_260' title='bbox 513 3877 598 3937; x_wconf 81' lang='lat' dir='ltr'>qu&#39;une</span> <span class='ocrx_word' id='word_1_261' title='bbox 612 3892 691 3922; x_wconf 80' lang='lat' dir='ltr'>oeuvre</span> <span class='ocrx_word' id='word_1_262' title='bbox 712 3877 826 3937; x_wconf 83' lang='lat' dir='ltr'>originale</span> 
     </span>
     <span class='ocr_line' id='line_1_40' title="bbox 285 3948 827 4010; baseline 0.002 -19"><span class='ocrx_word' id='word_1_263' title='bbox 285 3949 324 4009; x_wconf 89' lang='lat' dir='ltr'>qui</span> <span class='ocrx_word' id='word_1_264' title='bbox 350 3948 450 4010; x_wconf 71' lang='lat' dir='ltr'>rdagisse</span> <span class='ocrx_word' id='word_1_265' title='bbox 469 3959 551 3993; x_wconf 85' lang='lat' dir='ltr'>contre</span> <span class='ocrx_word' id='word_1_266' title='bbox 573 3949 766 4009; x_wconf 81' lang='lat' dir='ltr'>l&#39;enseignement</span> <span class='ocrx_word' id='word_1_267' title='bbox 785 3949 827 3992; x_wconf 86' lang='lat' dir='ltr'>des</span> 
     </span>
     <span class='ocr_line' id='line_1_41' title="bbox 285 4019 826 4080; baseline -0.002 -16"><span class='ocrx_word' id='word_1_268' title='bbox 285 4019 401 4075; x_wconf 71' lang='lat' dir='ltr'>rheteum,</span> <span class='ocrx_word' id='word_1_269' title='bbox 418 4019 494 4064; x_wconf 81' lang='lat' dir='ltr'>soient</span> <span class='ocrx_word' id='word_1_270' title='bbox 514 4036 559 4064; x_wconf 91' lang='lat' dir='ltr'>une</span> <span class='ocrx_word' id='word_1_271' title='bbox 582 4035 660 4064; x_wconf 82' lang='lat' dir='ltr'>oeurre</span> <span class='ocrx_word' id='word_1_272' title='bbox 683 4019 826 4080; x_wconf 78' lang='lat' dir='ltr'>patriotique</span> 
     </span>
     <span class='ocr_line' id='line_1_42' title="bbox 285 4090 828 4153; baseline -0.006 -17"><span class='ocrx_word' id='word_1_273' title='bbox 285 4094 383 4153; x_wconf 78' lang='lat' dir='ltr'>capable</span> <span class='ocrx_word' id='word_1_274' title='bbox 397 4093 426 4135; x_wconf 88' lang='lat' dir='ltr'>dc</span> <span class='ocrx_word' id='word_1_275' title='bbox 444 4093 523 4136; x_wconf 83' lang='lat' dir='ltr'>flatter</span> <span class='ocrx_word' id='word_1_276' title='bbox 540 4091 738 4151; x_wconf 81' lang='lat' dir='ltr'>l&#39;arnour-propre</span> <span class='ocrx_word' id='word_1_277' title='bbox 753 4090 828 4135; x_wconf 86' lang='lat' dir='ltr'>natio-</span> 
     </span>
     <span class='ocr_line' id='line_1_43' title="bbox 284 4162 826 4216; baseline -0.002 -9"><span class='ocrx_word' id='word_1_278' title='bbox 284 4164 332 4209; x_wconf 85' lang='lat' dir='ltr'>nnl.</span> <span class='ocrx_word' id='word_1_279' title='bbox 345 4165 407 4208; x_wconf 79' lang='lat' dir='ltr'>C&#39;est</span> <span class='ocrx_word' id='word_1_280' title='bbox 419 4164 523 4216; x_wconf 76' lang='lat' dir='ltr'>Crassus,</span> <span class='ocrx_word' id='word_1_281' title='bbox 533 4162 659 4206; x_wconf 67' lang='lat' dir='ltr'>defensetur</span> <span class='ocrx_word' id='word_1_282' title='bbox 672 4163 700 4207; x_wconf 89' lang='lat' dir='ltr'>de</span> <span class='ocrx_word' id='word_1_283' title='bbox 717 4162 737 4205; x_wconf 88' lang='lat' dir='ltr'>ln</span> <span class='ocrx_word' id='word_1_284' title='bbox 752 4162 826 4206; x_wconf 81' lang='lat' dir='ltr'>tredi-</span> 
     </span>
     <span class='ocr_line' id='line_1_44' title="bbox 286 4233 827 4294; baseline -0.004 -15"><span class='ocrx_word' id='word_1_285' title='bbox 286 4236 343 4288; x_wconf 80' lang='lat' dir='ltr'>tion,</span> <span class='ocrx_word' id='word_1_286' title='bbox 358 4235 430 4294; x_wconf 79' lang='lat' dir='ltr'>qui‚ir</span> <span class='ocrx_word' id='word_1_287' title='bbox 447 4233 581 4285; x_wconf 89' lang='lat' dir='ltr'>l&#39;ocension,</span> <span class='ocrx_word' id='word_1_288' title='bbox 593 4233 716 4293; x_wconf 79' lang='lat' dir='ltr'>s&#39;ncquitte</span> <span class='ocrx_word' id='word_1_289' title='bbox 725 4233 755 4278; x_wconf 89' lang='lat' dir='ltr'>de</span> <span class='ocrx_word' id='word_1_290' title='bbox 765 4243 827 4277; x_wconf 87' lang='lat' dir='ltr'>cette</span> 
     </span>
     <span class='ocr_line' id='line_1_45' title="bbox 285 4304 825 4366; baseline 0 -18"><span class='ocrx_word' id='word_1_291' title='bbox 285 4305 361 4350; x_wconf 80' lang='lat' dir='ltr'>rtehe.</span> <span class='ocrx_word' id='word_1_292' title='bbox 373 4330 405 4339; x_wconf 95' lang='lat'>-</span> <span class='ocrx_word' id='word_1_293' title='bbox 420 4307 438 4349; x_wconf 79' lang='grc' dir='ltr'>Α</span> <span class='ocrx_word' id='word_1_294' title='bbox 455 4319 593 4365; x_wconf 74' lang='lat' dir='ltr'>femurquet·</span> <span class='ocrx_word' id='word_1_295' title='bbox 611 4305 632 4349; x_wconf 77' lang='lat' dir='ltr'>le</span> <span class='ocrx_word' id='word_1_296' title='bbox 648 4306 715 4364; x_wconf 81' lang='lat' dir='ltr'>place</span> <span class='ocrx_word' id='word_1_297' title='bbox 730 4304 825 4366; x_wconf 80' lang='lat' dir='ltr'>defre-</span> 
     </span>
     <span class='ocr_line' id='line_1_46' title="bbox 284 4376 827 4431; baseline -0.002 -10"><span class='ocrx_word' id='word_1_298' title='bbox 284 4387 358 4431; x_wconf 72' lang='lat' dir='ltr'>natur,</span> <span class='ocrx_word' id='word_1_299' title='bbox 378 4391 469 4420; x_wconf 78' lang='lat' dir='ltr'>ctrtttme</span> <span class='ocrx_word' id='word_1_300' title='bbox 494 4376 552 4420; x_wconf 86' lang='lat' dir='ltr'>celle</span> <span class='ocrx_word' id='word_1_301' title='bbox 578 4377 607 4420; x_wconf 86' lang='lat' dir='ltr'>de</span> <span class='ocrx_word' id='word_1_302' title='bbox 633 4376 783 4420; x_wconf 74' lang='lat' dir='ltr'>bibliothecas</span> <span class='ocrx_word' id='word_1_303' title='bbox 803 4387 827 4421; x_wconf 87' lang='lat' dir='ltr'>et</span> 
     </span>
     <span class='ocr_line' id='line_1_47' title="bbox 285 4447 827 4507; baseline -0.007 -13"><span class='ocrx_word' id='word_1_304' title='bbox 285 4448 315 4494; x_wconf 90' lang='lat' dir='ltr'>de</span> <span class='ocrx_word' id='word_1_305' title='bbox 331 4447 435 4499; x_wconf 82' lang='lat' dir='ltr'>libellus,</span> <span class='ocrx_word' id='word_1_306' title='bbox 457 4463 486 4491; x_wconf 89' lang='lat' dir='ltr'>en</span> <span class='ocrx_word' id='word_1_307' title='bbox 508 4451 557 4492; x_wconf 72' lang='lat' dir='ltr'>tete</span> <span class='ocrx_word' id='word_1_308' title='bbox 576 4463 606 4491; x_wconf 94' lang='lat' dir='ltr'>ou</span> <span class='ocrx_word' id='word_1_309' title='bbox 626 4450 638 4491; x_wconf 81' lang='lat' dir='ltr'>is</span> <span class='ocrx_word' id='word_1_310' title='bbox 664 4448 684 4491; x_wconf 86' lang='lat' dir='ltr'>la</span> <span class='ocrx_word' id='word_1_311' title='bbox 704 4447 745 4499; x_wconf 80' lang='lat' dir='ltr'>lin,</span> <span class='ocrx_word' id='word_1_312' title='bbox 766 4462 827 4507; x_wconf 90' lang='lat' dir='ltr'>pour</span> 
     </span>
     <span class='ocr_line' id='line_1_48' title="bbox 286 4518 723 4580; baseline 0.002 -17"><span class='ocrx_word' id='word_1_313' title='bbox 286 4519 381 4580; x_wconf 83' lang='lat' dir='ltr'>appeler</span> <span class='ocrx_word' id='word_1_314' title='bbox 400 4518 531 4563; x_wconf 83' lang='lat' dir='ltr'>l&#39;attention</span> <span class='ocrx_word' id='word_1_315' title='bbox 550 4533 589 4563; x_wconf 86' lang='lat' dir='ltr'>sur</span> <span class='ocrx_word' id='word_1_316' title='bbox 601 4534 638 4562; x_wconf 84' lang='lat' dir='ltr'>ecs</span> <span class='ocrx_word' id='word_1_317' title='bbox 654 4528 723 4564; x_wconf 86' lang='lat' dir='ltr'>mots.</span> 
     </span>
    </p>
   </div>
   <div class='ocr_carea' id='block_1_7' title="bbox 316 4587 668 4644">
    <p class='ocr_par' dir='ltr' id='par_1_10' title="bbox 316 4587 668 4644">
     <span class='ocr_line' id='line_1_49' title="bbox 316 4587 668 4644; baseline -0.003 -9"><span class='ocrx_word' id='word_1_318' title='bbox 316 4599 339 4635; x_wconf 75' lang='lat' dir='ltr'>o.</span> <span class='ocrx_word' id='word_1_319' title='bbox 358 4587 497 4636; x_wconf 72' lang='lat' dir='ltr'>Mehercule.</span> <span class='ocrx_word' id='word_1_320' title='bbox 511 4588 547 4636; x_wconf 66' lang='grc' dir='ltr'>(ΙΙ.</span> <span class='ocrx_word' id='word_1_321' title='bbox 562 4596 601 4644; x_wconf 71' lang='grc'>35,</span> <span class='ocrx_word' id='word_1_322' title='bbox 616 4596 668 4634; x_wconf 75' lang='lat' dir='ltr'>lot.</span> 
     </span>
    </p>
   </div>
   <div class='ocr_carea' id='block_1_8' title="bbox 880 2235 1430 4006">
    <p class='ocr_par' dir='ltr' id='par_1_11' title="bbox 880 2235 1430 3294">
     <span class='ocr_line' id='line_1_50' title="bbox 916 2235 1430 2283; baseline 0.006 -4"><span class='ocrx_word' id='word_1_323' title='bbox 916 2241 938 2280; x_wconf 85' lang='lat'>7.</span> <span class='ocrx_word' id='word_1_324' title='bbox 958 2235 1073 2281; x_wconf 80' lang='lat' dir='ltr'>Libellus.</span> <span class='ocrx_word' id='word_1_325' title='bbox 1094 2236 1180 2283; x_wconf 70' lang='lat' dir='ltr'>c’euit</span> <span class='ocrx_word' id='word_1_326' title='bbox 1200 2253 1230 2281; x_wconf 87' lang='lat' dir='ltr'>un</span> <span class='ocrx_word' id='word_1_327' title='bbox 1252 2237 1311 2282; x_wconf 82' lang='lat' dir='ltr'>livre</span> <span class='ocrx_word' id='word_1_328' title='bbox 1337 2236 1430 2282; x_wconf 72' lang='lat' dir='ltr'>d&#39;eeole</span> 
     </span>
     <span class='ocr_line' id='line_1_51' title="bbox 884 2306 1429 2369; baseline 0.002 -19"><span class='ocrx_word' id='word_1_329' title='bbox 884 2306 955 2367; x_wconf 87' lang='lat' dir='ltr'>qu&#39;on</span> <span class='ocrx_word' id='word_1_330' title='bbox 976 2307 1100 2367; x_wconf 76' lang='lat' dir='ltr'>apprensit</span> <span class='ocrx_word' id='word_1_331' title='bbox 1121 2323 1207 2352; x_wconf 83' lang='lat' dir='ltr'>encore</span> <span class='ocrx_word' id='word_1_332' title='bbox 1230 2324 1275 2369; x_wconf 78' lang='lat' dir='ltr'>per</span> <span class='ocrx_word' id='word_1_333' title='bbox 1291 2323 1355 2353; x_wconf 76' lang='lat' dir='ltr'>emur</span> <span class='ocrx_word' id='word_1_334' title='bbox 1372 2309 1429 2353; x_wconf 80' lang='lat' dir='ltr'>dens</span> 
     </span>
     <span class='ocr_line' id='line_1_52' title="bbox 883 2377 1428 2441; baseline 0 -19"><span class='ocrx_word' id='word_1_335' title='bbox 883 2377 995 2423; x_wconf 84' lang='lat' dir='ltr'>l’ensunce</span> <span class='ocrx_word' id='word_1_336' title='bbox 1009 2380 1039 2423; x_wconf 94' lang='lat' dir='ltr'>de</span> <span class='ocrx_word' id='word_1_337' title='bbox 1052 2379 1158 2427; x_wconf 74' lang='lat' dir='ltr'>Ciceros.</span> <span class='ocrx_word' id='word_1_338' title='bbox 1176 2381 1212 2425; x_wconf 81' lang='lat' dir='ltr'>De</span> <span class='ocrx_word' id='word_1_339' title='bbox 1229 2382 1288 2441; x_wconf 78' lang='lat' dir='ltr'>Leg.</span> <span class='ocrx_word' id='word_1_340' title='bbox 1309 2381 1343 2434; x_wconf 83' lang='lat' dir='ltr'>ll,</span> <span class='ocrx_word' id='word_1_341' title='bbox 1359 2385 1381 2441; x_wconf 71' lang='lat' dir='ltr'>t,</span> <span class='ocrx_word' id='word_1_342' title='bbox 1396 2384 1428 2422; x_wconf 73' lang='lat'>⁹:</span> 
     </span>
     <span class='ocr_line' id='line_1_53' title="bbox 884 2449 1429 2509; baseline 0.006 -18"><span class='ocrx_word' id='word_1_343' title='bbox 884 2469 895 2491; x_wconf 72' lang='lat' dir='ltr'>a</span> <span class='ocrx_word' id='word_1_344' title='bbox 906 2465 918 2494; x_wconf 79' lang='lat' dir='ltr'>s</span> <span class='ocrx_word' id='word_1_345' title='bbox 930 2449 1007 2509; x_wconf 76' lang='lat' dir='ltr'>parvis</span> <span class='ocrx_word' id='word_1_346' title='bbox 1014 2450 1106 2496; x_wconf 87' lang='lat' dir='ltr'>enim...</span> <span class='ocrx_word' id='word_1_347' title='bbox 1120 2450 1245 2496; x_wconf 82' lang='lat' dir='ltr'>didicimus</span> <span class='ocrx_word' id='word_1_348' title='bbox 1256 2450 1309 2495; x_wconf 75' lang='lat' dir='ltr'>siin</span> <span class='ocrx_word' id='word_1_349' title='bbox 1317 2449 1355 2494; x_wconf 78' lang='lat' dir='ltr'>ius</span> <span class='ocrx_word' id='word_1_350' title='bbox 1365 2460 1429 2495; x_wconf 73' lang='lat' dir='ltr'>rectit</span> 
     </span>
     <span class='ocr_line' id='line_1_54' title="bbox 883 2520 1428 2585; baseline -0.002 -21"><span class='ocrx_word' id='word_1_351' title='bbox 883 2530 953 2580; x_wconf 85' lang='lat' dir='ltr'>utque</span> <span class='ocrx_word' id='word_1_352' title='bbox 969 2520 1017 2566; x_wconf 83' lang='lat' dir='ltr'>eius</span> <span class='ocrx_word' id='word_1_353' title='bbox 1030 2522 1095 2566; x_wconf 89' lang='lat' dir='ltr'>modi</span> <span class='ocrx_word' id='word_1_354' title='bbox 1117 2523 1181 2585; x_wconf 78' lang='lat' dir='ltr'>leges</span> <span class='ocrx_word' id='word_1_355' title='bbox 1197 2522 1253 2567; x_wconf 85' lang='lat' dir='ltr'>sliss</span> <span class='ocrx_word' id='word_1_356' title='bbox 1266 2522 1388 2567; x_wconf 75' lang='lat' dir='ltr'>nominare</span> <span class='ocrx_word' id='word_1_357' title='bbox 1400 2540 1428 2575; x_wconf 73' lang='grc' dir='ltr'>»ς</span> 
     </span>
     <span class='ocr_line' id='line_1_55' title="bbox 883 2590 1428 2652; baseline 0.002 -17"><span class='ocrx_word' id='word_1_358' title='bbox 883 2590 915 2635; x_wconf 79' lang='lat' dir='ltr'>id.</span> <span class='ocrx_word' id='word_1_359' title='bbox 930 2597 968 2650; x_wconf 80' lang='lat'>23,</span> <span class='ocrx_word' id='word_1_360' title='bbox 982 2598 1010 2636; x_wconf 71' lang='lat'>59</span> <span class='ocrx_word' id='word_1_361' title='bbox 1025 2609 1030 2637; x_wconf 91' lang='lat'><strong>:</strong></span> <span class='ocrx_word' id='word_1_362' title='bbox 1048 2612 1059 2634; x_wconf 73' lang='lat' dir='ltr'>a</span> <span class='ocrx_word' id='word_1_363' title='bbox 1072 2592 1216 2638; x_wconf 78' lang='lat' dir='ltr'>discebamus</span> <span class='ocrx_word' id='word_1_364' title='bbox 1232 2592 1295 2638; x_wconf 85' lang='lat' dir='ltr'>enim</span> <span class='ocrx_word' id='word_1_365' title='bbox 1304 2592 1373 2652; x_wconf 84' lang='lat' dir='ltr'>pueri</span> <span class='ocrx_word' id='word_1_366' title='bbox 1385 2593 1428 2637; x_wconf 82' lang='lat' dir='ltr'>xtt</span> 
     </span>
     <span class='ocr_line' id='line_1_56' title="bbox 882 2663 1429 2726; baseline -0.002 -20"><span class='ocrx_word' id='word_1_367' title='bbox 882 2671 906 2708; x_wconf 89' lang='lat' dir='ltr'>ut</span> <span class='ocrx_word' id='word_1_368' title='bbox 918 2678 1010 2708; x_wconf 83' lang='lat' dir='ltr'>carmen</span> <span class='ocrx_word' id='word_1_369' title='bbox 1030 2663 1192 2726; x_wconf 80' lang='lat' dir='ltr'>necessarium,</span> <span class='ocrx_word' id='word_1_370' title='bbox 1213 2678 1272 2724; x_wconf 79' lang='lat' dir='ltr'>ques</span> <span class='ocrx_word' id='word_1_371' title='bbox 1291 2663 1339 2708; x_wconf 81' lang='lat' dir='ltr'>iam</span> <span class='ocrx_word' id='word_1_372' title='bbox 1360 2677 1429 2707; x_wconf 88' lang='lat' dir='ltr'>nemo</span> 
     </span>
     <span class='ocr_line' id='line_1_57' title="bbox 881 2732 1428 2797; baseline -0.002 -19"><span class='ocrx_word' id='word_1_373' title='bbox 881 2732 949 2779; x_wconf 87' lang='lat' dir='ltr'>discit</span> <span class='ocrx_word' id='word_1_374' title='bbox 961 2754 983 2783; x_wconf 73' lang='lat' dir='ltr'>n,</span> <span class='ocrx_word' id='word_1_375' title='bbox 996 2760 1027 2768; x_wconf 94' lang='lat'><em>-</em></span> <span class='ocrx_word' id='word_1_376' title='bbox 1042 2737 1128 2795; x_wconf 78' lang='lat' dir='ltr'>Legum</span> <span class='ocrx_word' id='word_1_377' title='bbox 1128 2735 1212 2797; x_wconf 78' lang='lat' dir='ltr'>sontes</span> <span class='ocrx_word' id='word_1_378' title='bbox 1223 2746 1245 2779; x_wconf 88' lang='lat' dir='ltr'>et</span> <span class='ocrx_word' id='word_1_379' title='bbox 1257 2733 1347 2796; x_wconf 77' lang='lat' dir='ltr'>cupita.</span> <span class='ocrx_word' id='word_1_380' title='bbox 1362 2735 1428 2780; x_wconf 83' lang='lat' dir='ltr'>‘rire-</span> 
     </span>
     <span class='ocr_line' id='line_1_58' title="bbox 880 2805 1430 2862; baseline 0 -13"><span class='ocrx_word' id='word_1_381' title='bbox 880 2805 947 2860; x_wconf 84' lang='lat' dir='ltr'>Livc,</span> <span class='ocrx_word' id='word_1_382' title='bbox 963 2807 1006 2858; x_wconf 85' lang='grc' dir='ltr'>ΙΙΙ,</span> <span class='ocrx_word' id='word_1_383' title='bbox 1022 2812 1060 2862; x_wconf 74' lang='grc'>34,</span> <span class='ocrx_word' id='word_1_384' title='bbox 1075 2815 1105 2851; x_wconf 77' lang='lat'>⁶:</span> <span class='ocrx_word' id='word_1_385' title='bbox 1124 2826 1135 2847; x_wconf 78' lang='lat' dir='ltr'>a</span> <span class='ocrx_word' id='word_1_386' title='bbox 1154 2806 1234 2851; x_wconf 83' lang='lat' dir='ltr'>decem</span> <span class='ocrx_word' id='word_1_387' title='bbox 1251 2805 1386 2852; x_wconf 78' lang='lat' dir='ltr'>tebulerum</span> <span class='ocrx_word' id='word_1_388' title='bbox 1398 2805 1430 2849; x_wconf 87' lang='lat' dir='ltr'>le-</span> 
     </span>
     <span class='ocr_line' id='line_1_59' title="bbox 881 2877 1429 2938; baseline -0.002 -17"><span class='ocrx_word' id='word_1_389' title='bbox 881 2891 922 2938; x_wconf 76' lang='lat' dir='ltr'>ges</span> <span class='ocrx_word' id='word_1_390' title='bbox 935 2877 1040 2938; x_wconf 84' lang='lat' dir='ltr'>perlutae</span> <span class='ocrx_word' id='word_1_391' title='bbox 1058 2888 1120 2928; x_wconf 75' lang='lat' dir='ltr'>sunt,</span> <span class='ocrx_word' id='word_1_392' title='bbox 1140 2893 1200 2938; x_wconf 86' lang='lat' dir='ltr'>quse</span> <span class='ocrx_word' id='word_1_393' title='bbox 1220 2893 1284 2922; x_wconf 86' lang='lat' dir='ltr'>nune</span> <span class='ocrx_word' id='word_1_394' title='bbox 1298 2892 1394 2938; x_wconf 82' lang='lat' dir='ltr'>qnoque</span> <span class='ocrx_word' id='word_1_395' title='bbox 1406 2877 1429 2921; x_wconf 90' lang='lat' dir='ltr'>in</span> 
     </span>
     <span class='ocr_line' id='line_1_60' title="bbox 882 2947 1427 3009; baseline 0 -17"><span class='ocrx_word' id='word_1_396' title='bbox 882 2948 926 2993; x_wconf 86' lang='lat' dir='ltr'>boe</span> <span class='ocrx_word' id='word_1_397' title='bbox 942 2949 1056 2993; x_wconf 87' lang='lat' dir='ltr'>immenso</span> <span class='ocrx_word' id='word_1_398' title='bbox 1067 2948 1162 2993; x_wconf 76' lang='lat' dir='ltr'>aliarum</span> <span class='ocrx_word' id='word_1_399' title='bbox 1173 2964 1244 3009; x_wconf 83' lang='lat' dir='ltr'>super</span> <span class='ocrx_word' id='word_1_400' title='bbox 1260 2947 1318 2993; x_wconf 78' lang='lat' dir='ltr'>elias</span> <span class='ocrx_word' id='word_1_401' title='bbox 1329 2963 1427 2993; x_wconf 78' lang='lat' dir='ltr'>ecem-</span> 
     </span>
     <span class='ocr_line' id='line_1_61' title="bbox 881 3017 1428 3080; baseline -0.004 -16"><span class='ocrx_word' id='word_1_402' title='bbox 881 3028 957 3064; x_wconf 79' lang='lat' dir='ltr'>tsrum</span> <span class='ocrx_word' id='word_1_403' title='bbox 974 3017 1053 3080; x_wconf 85' lang='lat' dir='ltr'>legum</span> <span class='ocrx_word' id='word_1_404' title='bbox 1065 3019 1158 3063; x_wconf 87' lang='lat' dir='ltr'>cumulo</span> <span class='ocrx_word' id='word_1_405' title='bbox 1181 3017 1231 3063; x_wconf 81' lang='lat' dir='ltr'>lons</span> <span class='ocrx_word' id='word_1_406' title='bbox 1246 3017 1322 3064; x_wconf 76' lang='lat' dir='ltr'>omnis</span> <span class='ocrx_word' id='word_1_407' title='bbox 1339 3017 1428 3079; x_wconf 86' lang='lat' dir='ltr'>publici</span> 
     </span>
     <span class='ocr_line' id='line_1_62' title="bbox 880 3088 1425 3152; baseline 0.002 -19"><span class='ocrx_word' id='word_1_408' title='bbox 880 3089 1014 3149; x_wconf 79' lang='lat' dir='ltr'>privatique</span> <span class='ocrx_word' id='word_1_409' title='bbox 1024 3102 1059 3136; x_wconf 87' lang='lat' dir='ltr'>est</span> <span class='ocrx_word' id='word_1_410' title='bbox 1068 3089 1126 3134; x_wconf 89' lang='lat' dir='ltr'>iuris</span> <span class='ocrx_word' id='word_1_411' title='bbox 1139 3109 1161 3134; x_wconf 76' lang='lat' dir='ltr'>n.</span> <span class='ocrx_word' id='word_1_412' title='bbox 1170 3092 1215 3136; x_wconf 85' lang='lat' dir='ltr'>Sur</span> <span class='ocrx_word' id='word_1_413' title='bbox 1229 3089 1381 3152; x_wconf 82' lang='lat' dir='ltr'>l&#39;expression</span> <span class='ocrx_word' id='word_1_414' title='bbox 1395 3088 1425 3134; x_wconf 81' lang='lat' dir='ltr'>el.</span> 
     </span>
     <span class='ocr_line' id='line_1_63' title="bbox 882 3159 1428 3224; baseline 0 -20"><span class='ocrx_word' id='word_1_415' title='bbox 882 3166 920 3224; x_wconf 82' lang='lat' dir='ltr'>to,</span> <span class='ocrx_word' id='word_1_416' title='bbox 934 3167 963 3205; x_wconf 79' lang='lat' dir='ltr'>ts</span> <span class='ocrx_word' id='word_1_417' title='bbox 978 3178 983 3206; x_wconf 73' lang='grc' dir='ltr'><strong>ε</strong></span> <span class='ocrx_word' id='word_1_418' title='bbox 999 3180 1010 3202; x_wconf 69' lang='grc' dir='ltr'>α</span> <span class='ocrx_word' id='word_1_419' title='bbox 1025 3160 1220 3222; x_wconf 82' lang='lat' dir='ltr'>philosophorum</span> <span class='ocrx_word' id='word_1_420' title='bbox 1238 3175 1321 3224; x_wconf 75' lang='lat' dir='ltr'>greges</span> <span class='ocrx_word' id='word_1_421' title='bbox 1337 3160 1386 3206; x_wconf 76' lang='lat' dir='ltr'>iam</span> <span class='ocrx_word' id='word_1_422' title='bbox 1399 3159 1428 3205; x_wconf 82' lang='lat' dir='ltr'>ab</span> 
     </span>
     <span class='ocr_line' id='line_1_64' title="bbox 881 3231 1271 3294; baseline 0.005 -18"><span class='ocrx_word' id='word_1_423' title='bbox 881 3231 924 3277; x_wconf 90' lang='lat' dir='ltr'>illo</span> <span class='ocrx_word' id='word_1_424' title='bbox 937 3231 1001 3279; x_wconf 87' lang='lat' dir='ltr'>l&#39;oute</span> <span class='ocrx_word' id='word_1_425' title='bbox 1014 3242 1038 3277; x_wconf 88' lang='lat' dir='ltr'>et</span> <span class='ocrx_word' id='word_1_426' title='bbox 1053 3235 1131 3294; x_wconf 75' lang='lat' dir='ltr'>capite</span> <span class='ocrx_word' id='word_1_427' title='bbox 1141 3237 1236 3281; x_wconf 74' lang='lat' dir='ltr'>Socrate</span> <span class='ocrx_word' id='word_1_428' title='bbox 1250 3252 1271 3278; x_wconf 78' lang='grc' dir='ltr'>ι.</span> 
     </span>
    </p>

    <p class='ocr_par' dir='ltr' id='par_1_12' title="bbox 880 3304 1429 3921">
     <span class='ocr_line' id='line_1_65' title="bbox 912 3304 1429 3353; baseline 0 -5"><span class='ocrx_word' id='word_1_429' title='bbox 912 3311 935 3349; x_wconf 77' lang='grc'>9.</span> <span class='ocrx_word' id='word_1_430' title='bbox 949 3307 1033 3349; x_wconf 79' lang='lat' dir='ltr'>Nostra</span> <span class='ocrx_word' id='word_1_431' title='bbox 1042 3305 1119 3351; x_wconf 84' lang='lat' dir='ltr'>misen</span> <span class='ocrx_word' id='word_1_432' title='bbox 1126 3304 1315 3353; x_wconf 79' lang='lat' dir='ltr'>relieldersntle</span> <span class='ocrx_word' id='word_1_433' title='bbox 1324 3304 1429 3349; x_wconf 78' lang='lat' dir='ltr'>substan·</span> 
     </span>
     <span class='ocr_line' id='line_1_66' title="bbox 880 3373 1428 3439; baseline 0.002 -20"><span class='ocrx_word' id='word_1_434' title='bbox 880 3373 1030 3427; x_wconf 50' lang='lat' dir='ltr'>sitaveeune</span> <span class='ocrx_word' id='word_1_435' title='bbox 1040 3376 1280 3439; x_wconf 79' lang='lat' dir='ltr'>vsleurempbetique</span> <span class='ocrx_word' id='word_1_436' title='bbox 1297 3391 1304 3421; x_wconf 78' lang='lat' dir='ltr'>t</span> <span class='ocrx_word' id='word_1_437' title='bbox 1322 3375 1428 3435; x_wconf 78' lang='lat' dir='ltr'>«quelle</span> 
     </span>
     <span class='ocr_line' id='line_1_67' title="bbox 880 3446 1427 3508; baseline 0.004 -18"><span class='ocrx_word' id='word_1_438' title='bbox 880 3447 967 3506; x_wconf 82' lang='lat' dir='ltr'>qu&#39;elle</span> <span class='ocrx_word' id='word_1_439' title='bbox 989 3446 1043 3504; x_wconf 86' lang='lat' dir='ltr'>soit,</span> <span class='ocrx_word' id='word_1_440' title='bbox 1064 3451 1142 3494; x_wconf 74' lang='lat' dir='ltr'>meme</span> <span class='ocrx_word' id='word_1_441' title='bbox 1167 3447 1252 3508; x_wconf 84' lang='lat' dir='ltr'>petite,</span> <span class='ocrx_word' id='word_1_442' title='bbox 1275 3446 1307 3491; x_wconf 92' lang='lat' dir='ltr'>du</span> <span class='ocrx_word' id='word_1_443' title='bbox 1324 3457 1427 3492; x_wconf 84' lang='lat' dir='ltr'>moment</span> 
     </span>
     <span class='ocr_line' id='line_1_68' title="bbox 882 3517 1425 3580; baseline -0.004 -16"><span class='ocrx_word' id='word_1_444' title='bbox 882 3518 969 3580; x_wconf 83' lang='lat' dir='ltr'>qu&#39;elle</span> <span class='ocrx_word' id='word_1_445' title='bbox 981 3530 1017 3565; x_wconf 89' lang='lat' dir='ltr'>est</span> <span class='ocrx_word' id='word_1_446' title='bbox 1031 3517 1096 3564; x_wconf 80' lang='lat' dir='ltr'>adtre</span> <span class='ocrx_word' id='word_1_447' title='bbox 1108 3541 1130 3565; x_wconf 68' lang='lat' dir='ltr'>a.</span> <span class='ocrx_word' id='word_1_448' title='bbox 1145 3519 1183 3566; x_wconf 79' lang='lat' dir='ltr'>Cf.</span> <span class='ocrx_word' id='word_1_449' title='bbox 1200 3517 1319 3578; x_wconf 70' lang='lat' dir='ltr'>seneque.</span> <span class='ocrx_word' id='word_1_450' title='bbox 1329 3519 1376 3580; x_wconf 74' lang='lat' dir='ltr'>Ep.</span> <span class='ocrx_word' id='word_1_451' title='bbox 1388 3526 1425 3570; x_wconf 72' lang='lat' dir='ltr'>ot,</span> 
     </span>
     <span class='ocr_line' id='line_1_69' title="bbox 882 3589 1426 3652; baseline -0.006 -17"><span class='ocrx_word' id='word_1_452' title='bbox 882 3598 909 3635; x_wconf 73' lang='lat'>2⁸</span> <span class='ocrx_word' id='word_1_453' title='bbox 937 3608 942 3636; x_wconf 91' lang='lat'>:</span> <span class='ocrx_word' id='word_1_454' title='bbox 964 3611 975 3632; x_wconf 78' lang='grc' dir='ltr'>ιι</span> <span class='ocrx_word' id='word_1_455' title='bbox 998 3606 1066 3634; x_wconf 86' lang='lat' dir='ltr'>nemo</span> <span class='ocrx_word' id='word_1_456' title='bbox 1086 3593 1149 3637; x_wconf 88' lang='lat' dir='ltr'>enim</span> <span class='ocrx_word' id='word_1_457' title='bbox 1170 3590 1270 3652; x_wconf 79' lang='lat' dir='ltr'>patriam</span> <span class='ocrx_word' id='word_1_458' title='bbox 1295 3589 1351 3650; x_wconf 80' lang='lat' dir='ltr'>quia</span> <span class='ocrx_word' id='word_1_459' title='bbox 1375 3605 1426 3633; x_wconf 81' lang='lat' dir='ltr'>ms·</span> 
     </span>
     <span class='ocr_line' id='line_1_70' title="bbox 880 3659 1427 3722; baseline -0.004 -16"><span class='ocrx_word' id='word_1_460' title='bbox 880 3677 925 3722; x_wconf 79' lang='lat' dir='ltr'>gns</span> <span class='ocrx_word' id='word_1_461' title='bbox 941 3671 976 3705; x_wconf 83' lang='lat' dir='ltr'>est</span> <span class='ocrx_word' id='word_1_462' title='bbox 992 3671 1063 3714; x_wconf 75' lang='lat' dir='ltr'>amet,</span> <span class='ocrx_word' id='word_1_463' title='bbox 1090 3663 1130 3707; x_wconf 90' lang='lat' dir='ltr'>sed</span> <span class='ocrx_word' id='word_1_464' title='bbox 1150 3661 1204 3722; x_wconf 77' lang='lat' dir='ltr'>qnia</span> <span class='ocrx_word' id='word_1_465' title='bbox 1222 3676 1261 3705; x_wconf 83' lang='lat' dir='ltr'>sus</span> <span class='ocrx_word' id='word_1_466' title='bbox 1282 3680 1304 3707; x_wconf 77' lang='grc' dir='ltr'>ι.</span> <span class='ocrx_word' id='word_1_467' title='bbox 1324 3660 1385 3705; x_wconf 78' lang='lat' dir='ltr'>D’ou</span> <span class='ocrx_word' id='word_1_468' title='bbox 1405 3659 1427 3704; x_wconf 90' lang='lat' dir='ltr'>le</span> 
     </span>
     <span class='ocr_line' id='line_1_71' title="bbox 881 3730 1427 3795; baseline -0.002 -19"><span class='ocrx_word' id='word_1_469' title='bbox 881 3742 1008 3788; x_wconf 83' lang='lat' dir='ltr'>contraste,</span> <span class='ocrx_word' id='word_1_470' title='bbox 1017 3732 1058 3793; x_wconf 88' lang='lat' dir='ltr'>qui</span> <span class='ocrx_word' id='word_1_471' title='bbox 1068 3732 1112 3778; x_wconf 76' lang='lat' dir='ltr'>tait</span> <span class='ocrx_word' id='word_1_472' title='bbox 1120 3749 1165 3778; x_wconf 81' lang='lat' dir='ltr'>tine</span> <span class='ocrx_word' id='word_1_473' title='bbox 1174 3730 1299 3795; x_wconf 76' lang='lat' dir='ltr'>grsdstion</span> <span class='ocrx_word' id='word_1_474' title='bbox 1312 3731 1390 3790; x_wconf 84' lang='lat' dir='ltr'>pleine</span> <span class='ocrx_word' id='word_1_475' title='bbox 1398 3732 1427 3775; x_wconf 91' lang='lat' dir='ltr'>dc</span> 
     </span>
     <span class='ocr_line' id='line_1_72' title="bbox 881 3800 1425 3865; baseline -0.004 -18"><span class='ocrx_word' id='word_1_476' title='bbox 881 3802 945 3848; x_wconf 79' lang='lat' dir='ltr'>soree</span> <span class='ocrx_word' id='word_1_477' title='bbox 966 3821 971 3849; x_wconf 91' lang='lat'>:</span> <span class='ocrx_word' id='word_1_478' title='bbox 992 3820 1036 3865; x_wconf 81' lang='lat' dir='ltr'>quo</span> <span class='ocrx_word' id='word_1_479' title='bbox 1054 3819 1159 3851; x_wconf 81' lang='lat' dir='ltr'>ansere...</span> <span class='ocrx_word' id='word_1_480' title='bbox 1180 3802 1204 3847; x_wconf 83' lang='lat' dir='ltr'>t&#39;n</span> <span class='ocrx_word' id='word_1_481' title='bbox 1229 3803 1280 3847; x_wconf 79' lang='lat' dir='ltr'>eius</span> <span class='ocrx_word' id='word_1_482' title='bbox 1301 3800 1364 3846; x_wconf 78' lang='lat' dir='ltr'>modi</span> <span class='ocrx_word' id='word_1_483' title='bbox 1380 3817 1425 3862; x_wconf 80' lang='lat' dir='ltr'>pe-</span> 
     </span>
     <span class='ocr_line' id='line_1_73' title="bbox 881 3876 957 3921; baseline -0.013 0"><span class='ocrx_word' id='word_1_484' title='bbox 881 3876 957 3921; x_wconf 83' lang='lat' dir='ltr'>trium.</span> 
     </span>
    </p>

    <p class='ocr_par' dir='ltr' id='par_1_13' title="bbox 914 3944 1427 4006">
     <span class='ocr_line' id='line_1_74' title="bbox 914 3944 1427 4006; baseline -0.002 -16"><span class='ocrx_word' id='word_1_485' title='bbox 914 3947 1031 3992; x_wconf 58' lang='lat' dir='ltr'>iocatus</span> <span class='ocrx_word' id='word_1_486' title='bbox 1044 3946 1079 3990; x_wconf 82' lang='lat' dir='ltr'>rei</span> <span class='ocrx_word' id='word_1_487' title='bbox 1088 3962 1111 3990; x_wconf 89' lang='lat' dir='ltr'>se</span> <span class='ocrx_word' id='word_1_488' title='bbox 1130 3954 1242 4006; x_wconf 84' lang='lat' dir='ltr'>rapporte</span> <span class='ocrx_word' id='word_1_489' title='bbox 1255 3959 1304 3989; x_wconf 92' lang='lat' dir='ltr'>non</span> <span class='ocrx_word' id='word_1_490' title='bbox 1316 3944 1329 3989; x_wconf 74' lang='lat' dir='ltr'>i</span> <span class='ocrx_word' id='word_1_491' title='bbox 1339 3949 1427 4006; x_wconf 66' lang='grc' dir='ltr'><em>μνία,</em></span> 
     </span>
    </p>
   </div>
   <div class='ocr_carea' id='block_1_9' title="bbox 879 4085 1428 4648">
    <p class='ocr_par' dir='ltr' id='par_1_14' title="bbox 879 4085 1428 4648">
     <span class='ocr_line' id='line_1_75' title="bbox 882 4085 1428 4134; baseline 0 -4"><span class='ocrx_word' id='word_1_492' title='bbox 882 4089 961 4134; x_wconf 81' lang='lat' dir='ltr'>valent</span> <span class='ocrx_word' id='word_1_493' title='bbox 979 4089 1008 4134; x_wconf 89' lang='lat' dir='ltr'>de</span> <span class='ocrx_word' id='word_1_494' title='bbox 1032 4088 1098 4132; x_wconf 80' lang='lat' dir='ltr'>euius</span> <span class='ocrx_word' id='word_1_495' title='bbox 1115 4085 1278 4132; x_wconf 79' lang='lat' dir='ltr'>delectationis</span> <span class='ocrx_word' id='word_1_496' title='bbox 1307 4102 1338 4130; x_wconf 91' lang='lat' dir='ltr'>ou</span> <span class='ocrx_word' id='word_1_497' title='bbox 1363 4087 1428 4130; x_wconf 73' lang='lat' dir='ltr'>euius</span> 
     </span>
     <span class='ocr_line' id='line_1_76' title="bbox 881 4157 1427 4222; baseline -0.005 -17"><span class='ocrx_word' id='word_1_498' title='bbox 881 4160 967 4205; x_wconf 82' lang='lat' dir='ltr'>amoris</span> <span class='ocrx_word' id='word_1_499' title='bbox 983 4163 1084 4222; x_wconf 71' lang='lat' dir='ltr'>patriae.</span> <span class='ocrx_word' id='word_1_500' title='bbox 1096 4185 1128 4194; x_wconf 98' lang='lat'>—</span> <span class='ocrx_word' id='word_1_501' title='bbox 1145 4162 1219 4204; x_wconf 83' lang='lat' dir='ltr'>Tanta</span> <span class='ocrx_word' id='word_1_502' title='bbox 1231 4168 1265 4202; x_wconf 84' lang='lat' dir='ltr'>est</span> <span class='ocrx_word' id='word_1_503' title='bbox 1279 4157 1315 4202; x_wconf 73' lang='lat' dir='ltr'>vit</span> <span class='ocrx_word' id='word_1_504' title='bbox 1323 4174 1353 4203; x_wconf 83' lang='lat' dir='ltr'>tte</span> <span class='ocrx_word' id='word_1_505' title='bbox 1362 4166 1427 4202; x_wconf 76' lang='lat' dir='ltr'>tante</span> 
     </span>
     <span class='ocr_line' id='line_1_77' title="bbox 881 4227 1428 4284; baseline -0.007 -8"><span class='ocrx_word' id='word_1_506' title='bbox 881 4230 1047 4276; x_wconf 66' lang='lat' dir='ltr'>saturatur</span> <span class='ocrx_word' id='word_1_507' title='bbox 1065 4230 1113 4275; x_wconf 89' lang='lat' dir='ltr'>NC.</span> <span class='ocrx_word' id='word_1_508' title='bbox 1138 4231 1171 4275; x_wconf 79' lang='lat' dir='ltr'>En</span> <span class='ocrx_word' id='word_1_509' title='bbox 1191 4227 1284 4284; x_wconf 60' lang='lat' dir='ltr'>melite,</span> <span class='ocrx_word' id='word_1_510' title='bbox 1305 4229 1361 4273; x_wconf 77' lang='lat' dir='ltr'>e‘eet</span> <span class='ocrx_word' id='word_1_511' title='bbox 1383 4243 1428 4272; x_wconf 83' lang='lat' dir='ltr'>une</span> 
     </span>
     <span class='ocr_line' id='line_1_78' title="bbox 881 4299 1425 4363; baseline -0.006 -17"><span class='ocrx_word' id='word_1_512' title='bbox 881 4302 1013 4363; x_wconf 77' lang='lat' dir='ltr'>bendindys</span> <span class='ocrx_word' id='word_1_513' title='bbox 1025 4299 1065 4363; x_wconf 91' lang='lat'>(=</span> <span class='ocrx_word' id='word_1_514' title='bbox 1078 4311 1144 4345; x_wconf 83' lang='lat' dir='ltr'>tanta</span> <span class='ocrx_word' id='word_1_515' title='bbox 1153 4312 1188 4345; x_wconf 78' lang='lat' dir='ltr'>est</span> <span class='ocrx_word' id='word_1_516' title='bbox 1201 4301 1235 4344; x_wconf 78' lang='lat' dir='ltr'>eis</span> <span class='ocrx_word' id='word_1_517' title='bbox 1243 4299 1362 4363; x_wconf 75' lang='lat' dir='ltr'>naturae),</span> <span class='ocrx_word' id='word_1_518' title='bbox 1378 4314 1425 4344; x_wconf 86' lang='lat' dir='ltr'>em·</span> 
     </span>
     <span class='ocr_line' id='line_1_79' title="bbox 881 4369 1427 4435; baseline -0.005 -17"><span class='ocrx_word' id='word_1_519' title='bbox 881 4374 966 4435; x_wconf 73' lang='lat' dir='ltr'>ployee</span> <span class='ocrx_word' id='word_1_520' title='bbox 990 4389 1032 4434; x_wconf 84' lang='lat' dir='ltr'>par</span> <span class='ocrx_word' id='word_1_521' title='bbox 1058 4370 1158 4417; x_wconf 73' lang='lat' dir='ltr'>Ciceron</span> <span class='ocrx_word' id='word_1_522' title='bbox 1181 4386 1242 4431; x_wconf 82' lang='lat' dir='ltr'>pour</span> <span class='ocrx_word' id='word_1_523' title='bbox 1267 4369 1343 4417; x_wconf 65' lang='lat' dir='ltr'>evitet</span> <span class='ocrx_word' id='word_1_524' title='bbox 1366 4372 1427 4416; x_wconf 80' lang='lat' dir='ltr'>deux</span> 
     </span>
     <span class='ocr_line' id='line_1_80' title="bbox 881 4442 1426 4507; baseline -0.009 -17"><span class='ocrx_word' id='word_1_525' title='bbox 881 4443 976 4507; x_wconf 74' lang='lat' dir='ltr'>genitils</span> <span class='ocrx_word' id='word_1_526' title='bbox 999 4442 1074 4504; x_wconf 80' lang='lat' dir='ltr'>(cuius</span> <span class='ocrx_word' id='word_1_527' title='bbox 1097 4442 1141 4497; x_wconf 82' lang='lat' dir='ltr'>rei,</span> <span class='ocrx_word' id='word_1_528' title='bbox 1166 4442 1273 4503; x_wconf 77' lang='lat' dir='ltr'>staturae)</span> <span class='ocrx_word' id='word_1_529' title='bbox 1292 4442 1426 4503; x_wconf 78' lang='lat' dir='ltr'>dependent</span> 
     </span>
     <span class='ocr_line' id='line_1_81' title="bbox 880 4510 1428 4573; baseline -0.009 -13"><span class='ocrx_word' id='word_1_530' title='bbox 880 4516 927 4560; x_wconf 80' lang='lat' dir='ltr'>l&#39;on</span> <span class='ocrx_word' id='word_1_531' title='bbox 939 4517 968 4560; x_wconf 90' lang='lat' dir='ltr'>de</span> <span class='ocrx_word' id='word_1_532' title='bbox 982 4515 1073 4559; x_wconf 82' lang='lat' dir='ltr'>l&#39;sutre.</span> <span class='ocrx_word' id='word_1_533' title='bbox 1090 4515 1128 4559; x_wconf 87' lang='lat' dir='ltr'>Du</span> <span class='ocrx_word' id='word_1_534' title='bbox 1143 4523 1244 4557; x_wconf 81' lang='lat' dir='ltr'>moment</span> <span class='ocrx_word' id='word_1_535' title='bbox 1258 4512 1316 4573; x_wconf 86' lang='lat' dir='ltr'>qu’il</span> <span class='ocrx_word' id='word_1_536' title='bbox 1335 4510 1428 4557; x_wconf 67' lang='lat' dir='ltr'>decom·</span> 
     </span>
     <span class='ocr_line' id='line_1_82' title="bbox 879 4582 1426 4648; baseline -0.005 -17"><span class='ocrx_word' id='word_1_537' title='bbox 879 4587 956 4648; x_wconf 85' lang='lat' dir='ltr'>possit</span> <span class='ocrx_word' id='word_1_538' title='bbox 968 4585 1110 4641; x_wconf 76' lang='lat' dir='ltr'>lelocution,</span> <span class='ocrx_word' id='word_1_539' title='bbox 1126 4583 1142 4630; x_wconf 89' lang='lat' dir='ltr'>il</span> <span class='ocrx_word' id='word_1_540' title='bbox 1160 4584 1218 4630; x_wconf 74' lang='lat' dir='ltr'>etait</span> <span class='ocrx_word' id='word_1_541' title='bbox 1230 4582 1313 4629; x_wconf 65' lang='lat' dir='ltr'>emend</span> <span class='ocrx_word' id='word_1_542' title='bbox 1331 4585 1343 4628; x_wconf 80' lang='lat' dir='ltr'>&#39;a</span> <span class='ocrx_word' id='word_1_543' title='bbox 1360 4582 1426 4645; x_wconf 68' lang='lat' dir='ltr'>rept-</span> 
     </span>
    </p>
   </div>
   <div class='ocr_carea' id='block_1_10' title="bbox 0 0 1650 5422">
    <p class='ocr_par' dir='ltr' id='par_1_15' title="bbox 0 0 1650 5422">
     <span class='ocr_line' id='line_1_83' title="bbox 0 0 1650 5422; baseline 0 0"><span class='ocrx_word' id='word_1_544' title='bbox 0 0 1650 5422; x_wconf 95' lang='lat' dir='ltr'> </span> 
     </span>
    </p>
   </div>
  </div>
 </body>
</html>
