3292 5422
268 547 285 599 2
606 547 662 601 DE
692 545 910 612 omont,
933 546 1016 601 Llss.
1045 548 1067 603 1.

267 690 376 784 gloria
400 690 576 771 florerent,
602 715 681 759 eum
704 690 793 761 vitae
819 685 958 759 cursum
989 705 1109 759 tenere
1136 706 1340 784 potuerunt,
1374 706 1412 760 ut

266 806 320 875 vel
342 805 376 874 in
399 806 539 900 negotio
558 806 631 876 sine
655 805 811 900 periculo
830 806 885 875 vel
902 806 938 874 in
955 806 1026 875 otio
1046 831 1124 874 cum
1146 806 1315 901 dignitate
1335 833 1409 878 esse

268 936 417 1015 possent.
449 925 498 990 Ac
525 921 590 990 fuit
614 947 692 990 cum
721 921 806 988 mihi
831 946 971 1016 quoque
998 922 1133 991 initium
1164 924 1407 1017 requiescendi

266 1052 368 1132 atque
385 1037 535 1107 animum
556 1037 599 1105 ad
617 1037 797 1132 utriusque
812 1052 967 1106 nostrum
990 1039 1167 1132 praeclara
1182 1039 1296 1109 studia
1314 1040 1408 1110 refe-

232 1153 363 1223 5rendi
389 1153 464 1224 fore
489 1154 614 1223 iustum
640 1168 674 1223 et
699 1178 809 1248 prope
836 1153 878 1222 ab
906 1153 1065 1223 omnibus
1084 1179 1288 1226 concessum
1314 1156 1409 1224 arbi·
1494 1200 1498 1207 ·

265 1285 387 1355 trecor,
420 1271 446 1339 si
475 1269 628 1339 infinitus
663 1268 852 1339 forensium
885 1293 1000 1338 rerum
1032 1271 1184 1340 laboret
1209 1271 1408 1340 ambitionis

293 1466 343 1509 ΝΟ.
360 1470 382 1507 2.
399 1463 449 1507 sine
460 1461 569 1523 periculo
583 1458 623 1504 uel
637 1459 662 1504 iu
676 1459 724 1504 otio
737 1457 818 1504 tombi
833 1457 891 1504 dens
905 1462 939 1516 M,
955 1460 1024 1520 apres
1038 1461 1131 1522 negotio
1144 1460 1364 1525 (ὁμοιοτέλευτον).
1377 1489 1407 1499 -

263 1541 285 1578 3.
298 1534 353 1596 suit
368 1534 429 1595 quod
441 1534 466 1578 Μ
478 1531 608 1594 (confusion
624 1531 751 1592 ire'quentc
767 1531 825 1574 dens
839 1532 865 1576 Μ
879 1531 909 1575 de
926 1533 988 1593 quod
1002 1533 1069 1578 etde
1085 1533 1177 1597 quom);
1185 1533 1243 1596 suit
1256 1534 1298 1596 qui
1314 1535 1407 1596 ousrit

261 1605 353 1666 quidem
370 1623 392 1649 m
403 1623 409 1660 3
421 1606 477 1666 suit
492 1617 581 1664 tempus
598 1603 662 1648 iilud
676 1619 728 1647 cum
743 1605 770 1651 L.
784 1628 814 1637 —
831 1608 854 1646 t.
867 1603 943 1662 adque
962 1601 1001 1649 11¹.

293 1784 313 1821 t.
333 1778 392 1821 Eum
414 1775 476 1820 vitae
499 1791 592 1820 rursum
616 1785 702 1827 terrere,
727 1771 803 1818 meta-

259 1848 333 1907 phore
347 1847 481 1909 frequente,
497 1844 556 1892 titire
573 1847 604 1890 de
621 1846 643 1890 la
658 1845 802 1907 navigation.

259 1919 294 1972 (Χ.
306 1936 351 1981 pro
377 1921 437 1963 Sest.
460 1924 499 1973 to,
520 1925 548 1964 ⁹9
564 1935 569 1962 ε
586 1938 597 1959 ι
617 1917 802 1977 enitendumque

298 2001 353 2036 ut...
371 2001 452 2034 tenero
464 2005 556 2034 cursum
569 1989 659 2049 possint
674 1998 699 2033 et
717 2003 802 2048 capere

257 2062 300 2106 otii
315 2062 381 2106 illurn
395 2071 491 2122 portum
506 2071 531 2106 et
544 2059 668 2122 dignitatis
684 2078 706 2104 n.
722 2063 751 2107 se
766 2057 802 2104 dit

257 2132 312 2176 d’un
327 2132 430 2176 vnissenn
443 2132 483 2192 qui
498 2131 569 2193 garde
585 2130 607 2174 ts
621 2130 737 2175 direction
757 2145 802 2174 une

257 2204 301 2248 sois
322 2203 384 2264 prise
403 2213 428 2248 et
447 2203 493 2248 suit
509 2219 534 2247 sn
553 2213 621 2247 route
640 2218 692 2247 sune
710 2200 800 2246 devier.

255 2279 332 2331 Donc,
348 2275 386 2328 ici,
401 2295 412 2316 ι
427 2274 503 2336 reigler
521 2275 543 2319 le
561 2289 628 2319 cours
642 2275 672 2318 de
687 2289 712 2319 su
727 2272 763 2318 vie
777 2283 801 2317 et

255 2347 278 2391 lc
288 2345 414 2392 meintenir
425 2345 499 2392 ferme
509 2347 567 2390 dnns
576 2345 598 2389 la
609 2345 672 2407 ligne
682 2344 768 2389 ehoisio
778 2364 799 2389 ιι.

287 2425 309 2462 2.
325 2419 401 2464 Vct...
419 2418 464 2474 vel,
486 2438 497 2459 ι
514 2420 701 2470 tonitrunm,
719 2419 732 2459 ir
749 2416 801 2460 leur

254 2490 337 2546 heure,
349 2489 429 2550 quand
449 2489 477 2534 ils
492 2489 551 2534 l'ont
571 2489 642 2533 roulu
661 2485 715 2550 (vet,
731 2497 801 2547 peut-

253 2564 303 2606 etre
316 2562 399 2608 ancien
411 2559 535 2621 imperatis
547 2561 576 2605 de
590 2560 668 2620 velle).
684 2561 721 2605 On
735 2558 800 2604 enri-

254 2649 308 2693 suge
315 2633 511 2678 successivement
520 2632 554 2676 les
561 2629 623 2676 deux
636 2630 798 2687 alternatim,

254 2720 310 2749 uvec
318 2714 381 2749 cette
394 2701 447 2748 ids'ee
455 2704 586 2763 qo'nucune
594 2701 697 2747 n'exelut
705 2701 798 2746 l’nutre.

254 2779 316 2820 Pour
334 2792 372 2820 cos
389 2773 507 2834 perbeati,
525 2773 583 2818 elles
602 2789 627 2817 se
646 2782 700 2817 sont
721 2772 798 2817 nieme

253 2856 330 2891 tontes
360 2847 422 2890 doux
450 2843 570 2889 riulisees.
597 2869 629 2878 -
659 2842 797 2904 Negotium,

251 2916 333 2971 oricum,
356 2928 444 2962 termes
467 2915 664 2960 habituellemunt
685 2912 796 2975 opposes.

252 2990 284 3032 Le
304 2987 408 3047 premier
426 2983 524 3046 designe
547 2984 582 3030 les
599 2983 701 3040 ufl'nires,
718 2983 798 3029 l'ucti-

253 3058 299 3104 vite
318 3058 446 3117 potitique,
462 3056 484 3101 lc
499 3055 580 3100 trsvsil
598 3071 658 3115 pour
670 3055 742 3101 l'Etst
756 3054 796 3118 (ef.

251 3131 280 3174 de
296 3127 346 3191 Off.
365 3146 403 3184 ιιι,
418 3135 440 3182 t,
454 3129 492 3190 2);
509 3128 531 3171 lo
543 3127 640 3185 second,
651 3126 672 3171 ln
689 3126 796 3172 retrsito.

253 3227 282 3237 -
297 3204 352 3245 Siue
375 3199 491 3260 periculo,
518 3214 571 3243 tans
597 3208 735 3243 rencontrer
758 3214 798 3243 sur

254 3274 304 3317 tour
328 3270 422 3315 chemin
446 3286 476 3314 on
499 3270 611 3320 catilina,
638 3285 668 3313 un
690 3268 796 3314 Clodius.

254 3341 354 3388 (jiciron
368 3358 381 3384 u
400 3342 506 3400 toujours
525 3341 610 3385 derunt
627 3341 661 3385 les
677 3357 737 3399 poux
755 3357 797 3385 son

254 3430 292 3459 cus
308 3412 454 3474 perticulicr.

287 3491 335 3528 2-2t.
361 3484 414 3528 Otio
434 3498 486 3526 cum
503 3481 671 3542 dignitatem
690 3482 797 3544 dr'guitus

255 3564 291 3600 sst
305 3552 392 3598 difinis
403 3568 447 3612 pro
459 3557 521 3597 Sest.
532 3558 572 3607 tu,
589 3558 617 3597 98
630 3570 635 3596 :
647 3552 705 3599 e'est
719 3553 798 3598 l'hon-

256 3639 315 3671 neur
333 3623 454 3667 d’exereer
472 3623 507 3668 lcr
528 3624 658 3683 premieres
677 3625 799 3686 magistru-

256 3710 320 3744 tures
336 3696 365 3741 de
382 3685 456 3741 l'Iitst
475 3706 499 3741 et
523 3695 545 3739 le
563 3696 735 3743 consideration
758 3699 798 3758 qui

257 3769 345 3816 renuite
371 3769 399 3812 de
427 3767 548 3813 l'excrcice
575 3769 605 3812 de
629 3784 668 3812 ees
692 3770 798 3830 charges.

257 3842 355 3888 [lotium
373 3856 423 3884 rum
445 3839 573 3900 dignitate,
590 3855 617 3884 ee
639 3855 711 3901 repor
728 3842 799 3887 hono-

257 3915 322 3961 ruble
346 3912 414 3973 apres
442 3927 472 3956 un
495 3927 576 3956 cursus
610 3910 721 3956 honorum
745 3913 799 3958 bien

256 3985 351 4047 templi,
365 4002 376 4030 u
390 3982 427 4029 itis
445 3984 466 4028 le
484 3983 538 4028 rc⁴vc
550 3983 580 4026 de
599 3991 664 4026 toute
684 3983 704 4026 in
717 3984 752 4028 vie.
768 3986 799 4030 de

257 4061 365 4106 (lici-ron.
382 4057 418 4104 Cf.
430 4074 474 4118 pro
489 4060 559 4106 tert.¹
577 4054 636 4102 ibid.
649 4071 654 4097 :
671 4075 681 4093 ι
696 4057 799 4115 quidest

257 4133 329 4193 igitur
346 4130 493 4192 propositum
516 4127 551 4171 hir
569 4128 603 4171 rei
625 4127 733 4187 publicae
751 4144 797 4190 gu-

257 4201 468 4249 bernntoribusi...
493 4214 546 4242 cum
572 4199 687 4257 dignitate
712 4201 797 4245 otium.

257 4279 304 4321 troc
324 4277 364 4335 qni
386 4274 475 4325 volunt,
494 4285 575 4314 omnes
596 4271 737 4328 optimatem
758 4272 798 4332 qui

256 4347 369 4400 efficiunt,
389 4344 472 4390 summi
494 4342 544 4385 viri.
563 4361 574 4381 u
596 4341 632 4386 Cf.
647 4357 741 4397 encore,
758 4342 797 4387 dix

256 4434 297 4462 sns
305 4416 381 4477 apres,
392 4420 478 4461 Brutus
486 4422 509 4465 2.
519 4424 540 4457 s.
549 4438 579 4447 —
590 4413 694 4465 Porrrut,
706 4429 798 4457 comme

250 4499 378 4551 potueruut
397 4487 451 4546 plus
475 4486 567 4535 houm
588 4493 654 4527 toute
672 4498 696 4526 su
714 4484 795 4530 force:

256 4582 267 4601 ι
281 4562 329 4605 titre
343 4575 371 4604 cn
382 4558 430 4603 etot
441 4558 470 4601 de
486 4577 506 4603 ι.
523 4557 540 4600 Λ
557 4570 696 4615 rernorquer
709 4556 729 4599 ln
739 4571 796 4600 eon·

254 4631 368 4678 struction
383 4630 412 4675 de
429 4639 493 4674 toute
509 4636 572 4672 cette
587 4626 697 4687 periente,
712 4636 736 4671 et
748 4643 798 4672 sirr-

860 1785 911 1819 tout
926 1776 947 1819 le
959 1786 1040 1821 serent
1057 1776 1221 1823 beleneement
1236 1779 1267 1823 de
1283 1778 1306 1824 ls
1319 1778 1361 1835 fin,
1381 1780 1402 1825 la

857 1847 969 1905 symetrie
982 1857 1006 1893 et
1025 1848 1180 1910 l'opposition
1197 1850 1240 1895 des
1257 1852 1357 1911 pertice,
1372 1853 1405 1896 les

858 1917 1048 1978 ὁμοιοτὲλευται
1061 1922 1168 1982 exemplu
1178 1922 1208 1966 de
1223 1921 1244 1966 Ιι
1256 1921 1403 1967 concinnitas

857 1987 1030 2035 cicieronienne.
1046 2017 1078 2027 -
1093 1993 1150 2038 Fuit
1164 2009 1215 2037 cum
1230 2009 1255 2038 se
1271 1995 1403 2040 rettnche's

856 2077 883 2105 ce
901 2062 942 2122 qui
960 2061 1061 2122 prc'cede
1082 2063 1288 2111 immediatement
1308 2067 1402 2113 :otium

856 2149 907 2176 cum
923 2132 1051 2194 dignitate.
1063 2137 1099 2180 Au
1112 2135 1180 2194 point
1190 2137 1220 2180 de
1231 2153 1275 2183 vue
1286 2154 1403 2198 gramma·

856 2203 922 2257 ticet,
941 2204 997 2249 c'cst
1023 2206 1177 2267 l’cquivsIent
1193 2209 1225 2252 dn
1241 2225 1298 2271 gree
1316 2204 1347 2271 ἦν
1362 2207 1402 2259 ὅτε

855 2274 978 2338 (Ellendt).
1005 2279 1038 2322 Le
1064 2278 1195 2338 subjunctis
1217 2291 1254 2326 est
1280 2282 1302 2326 le
1332 2283 1400 2326 mode

855 2347 1041 2397 ordinairemcnt
1066 2351 1178 2412 employei
1204 2351 1244 2412 (ci.
1274 2353 1399 2406 Riemann,

856 2422 925 2478 Syut.
941 2419 1022 2481 5224,
1033 2423 1101 2467 Rem.
1117 2437 1200 2483 v11,p.
1215 2424 1339 2486 389-390).
1353 2443 1365 2465 ι
1381 2425 1399 2469 ΙΙ

855 2490 889 2535 fut
905 2507 935 2535 un
943 2501 1019 2552 temps
1033 2494 1064 2538 od
1075 2494 1108 2538 les
1116 2493 1296 2540 circonstances
1310 2494 1399 2542 etaient

855 2561 1017 2623 sellaque...
1036 2576 1065 2605 n*

886 2638 908 2677 t.
928 2634 1055 2696 Utriusque
1079 2646 1191 2684 nostrum.
1208 2641 1253 2683 Sur
1273 2637 1310 2682 les
1332 2642 1399 2699 godts

854 2702 985 2749 litteraires
1001 2716 1027 2751 et
1047 2707 1081 2750 les
1101 2706 1251 2767 pritentionr
1272 2707 1399 2769 poirtiques

853 2776 882 2820 de
900 2777 1001 2834 Quintus
1021 2777 1131 2833 ciceron,
1149 2779 1199 2824 roir
1210 2779 1231 2824 ts
1247 2780 1334 2825 Notiec
1348 2780 1398 2826 bio-

852 2847 992 2909 graphiqne,
1020 2865 1045 2909 p.
1070 2852 1194 2895 LXXXIV.
1208 2876 1240 2885 -
1266 2852 1398 2897 Praeclare

852 2917 942 2975 studio,
957 2938 968 2959 u
983 2919 1105 2965 cesbelies
1119 2920 1201 2966 itudcs
1211 2938 1258 2983 que
1272 2938 1331 2967 nous
1343 2924 1398 2969 cnt-

853 2991 938 3035 rissons
947 3010 968 3035 s.
981 2994 1015 3038 Ce
1024 3001 1077 3036 sont
1090 2992 1125 3037 les
1137 2992 1220 3038 &tudes
1235 2992 1337 3040 difinies
1360 2994 1398 3054 (ou

852 3062 884 3105 du
909 3060 986 3105 moins
1007 3062 1191 3122 quelques-unet
1219 3064 1314 3110 d'entre
1332 3064 1400 3125 elien)

853 3135 897 3186 ΙΙΙ,
911 3140 951 3186 32,
970 3138 1009 3177 127
1025 3150 1030 3176 ε
1044 3132 1186 3194 geotne'trie,
1198 3136 1317 3199 musique,
1331 3136 1398 3182 litte-

852 3214 940 3259 returc,
955 3202 1047 3264 poesie,
1062 3206 1166 3252 scientes
1188 3208 1326 3263 neturelles,
1346 3225 1398 3254 mo·

851 3276 910 3328 rste,
924 3275 1093 3338 potitique‚-
1104 3292 1134 3322 en
1144 3277 1280 3339 oppozition
1296 3296 1352 3326 avec
1365 3282 1399 3326 les

851 3346 1007 3407 occupetions
1018 3348 1047 3392 de
1064 3349 1085 3393 ln
1101 3349 1138 3393 vic
1151 3351 1273 3411 patique,
1290 3352 1320 3396 ici
1344 3369 1398 3398 avec

844 3415 979 3477 firreurium
1013 3435 1092 3462 rerum
1116 3419 1185 3465 tabor
1211 3430 1235 3466 et
1260 3422 1399 3467 ambitionis

852 3488 981 3550 orruipatio.
1006 3489 1042 3536 Cf.
1062 3491 1092 3536 de
1111 3493 1187 3537 mddte
1208 3508 1254 3554 pro
1278 3495 1344 3539 Mur.
1360 3501 1397 3551 to,

853 3568 891 3605 22.

885 3640 907 3679 5.
940 3635 1031 3678 Iustum
1062 3644 1114 3682 et...
1147 3650 1287 3688 eoncessum,
1326 3658 1338 3680 ι
1365 3655 1395 3683 un

854 3704 918 3749 droit
932 3720 1033 3750 reconnu
1049 3721 1092 3765 per
1104 3717 1156 3752 tout
1169 3706 1192 3752 le
1204 3709 1292 3753 monde
1309 3730 1330 3754 n.
1410 3740 1422 3748 s

886 3784 907 3821 δ.
926 3776 1063 3822 Ferentium
1089 3795 1169 3823 rerum
1200 3781 1330 3841 comprend
1362 3780 1397 3826 les

855 3847 971 3892 coritioucs
985 3857 1010 3892 et
1025 3849 1059 3893 les
1072 3848 1173 3909 iudicia,
1189 3850 1223 3894 les
1236 3866 1318 3897 cesses
1331 3853 1396 3914 poli·

854 3919 931 3978 tiques
948 3928 970 3962 ct
986 3920 1020 3962 tes
1036 3934 1117 3964 causes
1132 3919 1280 3978 judiciuires.
1292 3920 1328 3967 ies
1340 3937 1397 3968 unes

854 3999 878 4033 et
892 3990 927 4032 les
939 3999 1016 4033 autres
1029 3988 1156 4035 dibettues
1170 4008 1198 4036 mr
1214 3991 1299 4037 forum.
1317 3997 1399 4039 —Iu·

854 4060 946 4114 linitus,
961 4060 1123 4122 ernphutiqne.
1133 4087 1165 4097 -
1180 4063 1334 4118 Ambitiouis,
1349 4087 1360 4107 ι
1377 4067 1398 4111 in

853 4131 975 4190 pourruite
993 4134 1035 4176 des
1047 4133 1164 4178 lronneurs
1180 4153 1192 4175 ι
1210 4132 1249 4196 (ci.
1265 4137 1308 4190 ΙΙΙ,
1325 4144 1349 4190 2,
1365 4143 1398 4183 7:

853 4202 989 4247 urrtbitiom'r
1004 4201 1089 4264 labor).
1115 4205 1228 4251 Combien
1249 4216 1313 4251 cette
1327 4223 1401 4268 pour-

853 4274 913 4319 suite
937 4273 994 4319 ituit
1009 4273 1106 4333 pinible
1129 4279 1180 4321 etis
1201 4276 1290 4338 quelles
1307 4278 1400 4341 obligu-

853 4346 913 4389 tions
923 4345 945 4389 le
961 4346 1071 4390 censiidnt
1088 4348 1205 4394 sternitis
1222 4349 1283 4410 plier
1294 4349 1400 4396 vini-ris

852 4418 894 4461 der
914 4418 1041 4473 electeum,
1068 4419 1124 4463 c'ert
1154 4436 1181 4465 ec
1204 4436 1251 4482 que
1272 4437 1332 4467 nous
1355 4440 1399 4484 ep·

852 4489 927 4547 prend
953 4490 974 4534 le
1004 4490 1031 4533 de
1059 4490 1174 4535 Petitiouc
1208 4493 1344 4539 cumulatus
1368 4496 1399 4540 ds

851 4560 880 4616 Q.
901 4559 997 4606 Ciee'ron
1020 4559 1128 4622 (possim)
1144 4571 1169 4608 et
1185 4563 1208 4608 le
1218 4580 1264 4626 pro
1278 4567 1346 4614 Mur.
1359 4573 1398 4621 33,

852 4638 881 4675 69
897 4633 992 4677 etunir.
1012 4647 1017 4674 :
1042 4633 1158 4688 saluto-c,
1185 4650 1279 4696 rogere,
1304 4637 1399 4700 suppli·
