3292 5422
299 476 352 529 100
612 472 666 525 ΒΕ
694 471 916 537 ORATORE,
942 470 1022 525 ntn.
1053 470 1078 524 l.

294 605 460 700 quaedam
489 604 686 687 oblectati0‚
711 627 813 696 quam
831 602 1016 697 diligenter
1038 617 1072 672 et
1087 628 1187 695 quam
1208 629 1318 697 prope
1342 604 1446 673 fasti-

292 722 387 793 diose
416 721 623 790 iudicamus!
658 721 779 788 Nullae
807 718 897 788 enim
929 718 1003 788 lites
1031 744 1143 812 neque
1177 721 1444 806 controversiae

291 853 382 925 sunt,
413 863 500 932 quae
528 852 654 933 cogant
678 836 834 904 homines
858 835 946 904 sicut
976 834 1010 903 in
1037 834 1114 904 foro
1136 859 1206 904 non
1227 837 1342 914 bonos
1363 863 1442 906 ora·

292 970 396 1039 tores,
430 954 510 1023 item
544 955 579 1023 in
617 953 750 1022 theatro
779 967 914 1021 actores
947 952 1054 1020 malos
1085 951 1231 1047 perpeti.
1265 964 1352 1036 [1191
1381 956 1442 1022 Est

257 1084 274 1138 5
292 1070 396 1165 igitur
411 1071 539 1141 oratori
555 1070 739 1166 diligenter
757 1067 1022 1163 providendum,
1035 1092 1105 1136 non
1117 1067 1165 1137 uti
1176 1068 1224 1138 eis
1236 1068 1316 1138 satis
1331 1069 1442 1156 faciat

290 1188 414 1281 quibus
442 1211 582 1256 necesse
612 1201 674 1270 est,
702 1185 761 1254 sed
791 1185 838 1253 uti
867 1184 920 1253 his
943 1183 1153 1253 admirabilis
1177 1209 1249 1254 esse
1273 1185 1442 1255 videatur

289 1302 413 1397 quibus
441 1302 547 1373 libere
573 1303 674 1371 liceat
704 1300 869 1371 iudicare.
893 1304 954 1385 Ac,
974 1300 1000 1369 si
1024 1299 1199 1395 quaeritis,
1226 1302 1328 1395 plane
1349 1302 1440 1398 quid

288 1419 431 1488 sentiam
465 1417 652 1488 enuntiabo
687 1416 778 1512 apud
814 1416 972 1486 homines
1004 1416 1297 1500 familiarissimos,
1336 1419 1439 1513 quod

286 1534 400 1604 adhuc
426 1560 562 1629 semper
589 1533 679 1604 tacui
705 1549 738 1604 et
766 1532 947 1602 tacendum
973 1533 1102 1630 putavi.
1130 1532 1230 1616 Mihi,
1245 1533 1349 1603 etiam
1375 1535 1438 1630 qui

236 1668 270 1725 ιο
286 1651 415 1745 optime
435 1650 555 1720 dicunt
572 1649 702 1744 quique
720 1649 754 1717 id
772 1648 931 1718 facillime
950 1664 1052 1743 atque
1075 1649 1288 1719 ornatissime
1315 1651 1439 1720 facere

285 1782 440 1860 possunt,
473 1784 600 1852 tamen,
630 1765 695 1835 nisi
727 1765 844 1835 timide
869 1766 911 1834 ad
937 1765 1121 1834 dicendum
1149 1765 1321 1835 accedunt
1341 1783 1376 1837 et
1402 1769 1437 1836 in

284 1882 451 1952 ordienda
472 1883 627 1953 oratione
643 1882 901 1977 perturbantur,
917 1906 1026 1975 paene
1038 1881 1254 1976 impudentes
1266 1881 1438 1953 videntur
1460 1931 1464 1937 -

283 2039 332 2048 —
357 2000 489 2068 tametsi
519 1999 553 2067 id
579 1997 738 2068 accidere
764 2022 834 2066 non
864 2012 991 2092 potest;
1014 2011 1095 2094 [120]
1112 2012 1149 2066 ut
1168 1997 1260 2067 enim
1279 1998 1436 2094 quisque

283 2114 412 2208 optime
439 2114 535 2198 dicit,
566 2114 610 2182 ita
636 2115 782 2184 maxime
816 2113 953 2183 (licendi
979 2111 1217 2182 difficultatem
1243 2114 1435 2211 variosque

232 2244 265 2298 15
283 2244 426 2299 eventus
444 2231 608 2298 orationis
625 2230 984 2325 exspectationemque
1007 2229 1185 2298 hominum
1197 2229 1430 2324 pertimescit..

282 2387 328 2398 -
348 2347 415 2435 Qui
435 2372 518 2416 vero
536 2346 622 2415 nilril
643 2361 755 2442 potest
775 2346 917 2442 dignum
941 2370 991 2430 re,
1015 2345 1157 2441 dignum
1183 2347 1323 2416 nomine
1352 2373 1432 2416 ora·

309 2580 358 2625 ΝΕ.
389 2587 408 2623 Ι.
433 2578 590 2640 indiligenter
617 2583 642 2625 L.
672 2605 703 2614 -
732 2588 753 2623 ὓ.
786 2591 811 2623 nt
843 2578 895 2624 illis
927 2581 953 2624 L.
980 2604 1011 2614 -
1042 2587 1066 2625 a.
1095 2578 1132 2623 uti
1158 2578 1194 2623 tis
1219 2580 1327 2642 loLag.
1352 2584 1431 2631 alb:

1404 2671 1432 2698 “l

278 2713 315 2758 nti
328 2716 349 2772 {lt
365 2714 386 2758 is
404 2717 424 2760 ll
439 2711 486 2776 (nti
495 2715 529 2759 eis
543 2715 581 2776 E);
594 2713 632 2758 nti
644 2714 692 2760 lriis
707 2728 735 2776 ες
751 2725 776 2757 nt
791 2713 828 2758 liis
843 2713 902 2774 ipsis
917 2716 943 2759 L.
957 2737 989 2748 —·
1001 2719 1070 2758 940.
1085 2731 1173 2777 qnoque
1187 2712 1271 2774 optimc
1283 2716 1310 2760 M
1329 2671 1431 2777 lqnogm

243 2838 246 2843 .
277 2785 360 2846 optimc
373 2783 427 2847 ll²l;
442 2785 527 2848 quique
539 2790 623 2847 optime
635 2784 675 2842 οἱς
688 2785 730 2848 qni
741 2801 809 2846 quarn
817 2783 902 2846 optimc
913 2786 1009 2831 Schultz.
1023 2809 1054 2819 —
1069 2791 1104 2829 to.
1114 2785 1158 2848 qui
1168 2801 1203 2830 me
1219 2785 1244 2830 in
1254 2784 1386 2845 facillime
1403 2790 1430 2832 nt

277 2857 342 2918 (quiq
369 2874 374 2900 :
403 2874 453 2902 cum
466 2857 590 2920 facillime
611 2857 660 2916 lt').
680 2884 711 2893 -
730 2867 799 2918 atqrac
815 2855 967 2901 ornatissime
983 2857 1058 2916 rejcte
1078 2873 1122 2917 par
1144 2856 1242 2902 Ellendt
1267 2873 1364 2903 comme
1383 2877 1432 2906 une

276 2929 406 2991 tautologie
423 2948 428 2974 :
444 2950 454 2970 α
469 2927 510 2990 qui
522 2929 586 2974 eninr
600 2929 701 2990 optimc,
718 2929 796 2974 cidem
811 2927 960 2974 ornatissime
974 2927 1064 2974 dicunt.
1083 2933 1270 2989 uAcecompto
1285 2927 1301 2972 il
1319 2928 1430 2976 faudrait

276 3002 336 3045 aussi
353 3003 443 3060 rcjcter
452 3001 588 3061 facillime,
605 3001 755 3046 &est-{edire
775 3009 842 3045 tonte
859 3000 881 3043 la
896 2999 1045 3060 proposition
1063 2999 1178 3061 quique...
1192 3010 1298 3063 possunt.
1316 3002 1381 3047 Mais
1395 3020 1428 3048 on

275 3082 332 3131 peut
344 3073 459 3118 entendrc
477 3091 523 3134 que
539 3072 699 3127 ornatissime,
712 3088 805 3117 comme
811 3071 947 3133 facillime,
963 3070 1095 3131 developpe
1113 3082 1138 3116 et
1151 3072 1264 3134 euplique
1278 3072 1376 3134 optimc.
1394 3078 1429 3121 (ι

274 3143 350 3188 tulent
362 3143 392 3189 de
404 3145 518 3189 l’oratcur
528 3145 630 3189 consiste
643 3160 672 3189 cn
683 3160 727 3188 une
736 3142 855 3188 elocution
866 3142 935 3188 facile
952 3152 976 3188 et
989 3143 1071 3188 ornee.
1082 3168 1113 3177 -
1127 3143 1282 3190 semidiem
1296 3147 1336 3201 ld3
1354 3163 1426 3191 ctor-

273 3213 360 3259 dicnda
374 3217 392 3260 L
405 3214 476 3275 (pour
489 3217 512 3260 la
523 3216 590 3276 leeon
606 3216 731 3272 ordienda,
744 3214 773 3260 cl.
785 3221 824 3270 at,
839 3220 883 3269 οὓς
895 3213 985 3260 Partis.
1008 3233 1042 3260 or.
1060 3223 1084 3269 tt,
1098 3222 1127 3260 28
1139 3226 1163 3261 et
1176 3213 1225 3278 29).

307 3416 358 3456 1-2.
378 3412 520 3474 Diligenter,
546 3432 556 3454 ιι
578 3428 632 3458 avec
652 3428 697 3457 une
714 3413 816 3472 critique

273 3480 349 3527 severe
368 3497 394 3540 „3
402 3482 543 3544 fastidiose,
558 3504 568 3525 α
586 3498 641 3528 aree
661 3499 705 3528 unc
728 3481 815 3527 attica-

873 3411 1017 3474 de'relopper
1040 3425 1064 3459 ct
1093 3414 1235 3476 l’espliquer
1264 3414 1324 3474 (roir
1349 3421 1421 3482 NG).

905 3491 941 3529 ss.
960 3484 998 3538 td,
1014 3487 1026 3529 i
1045 3486 1122 3530 snroir
1133 3497 1160 3531 nt
1179 3486 1272 3532 illinon
1293 3488 1375 3536 cunule
1389 3494 1423 3537 inl

274 3563 335 3599 tesse
359 3553 401 3615 qui
422 3569 450 3598 rs
472 3553 582 3614 jusqu'sn
617 3551 706 3614 ‹ttgotr
728 3572 750 3596 a.
778 3551 815 3600 Cl.

273 3629 339 3672 Brut.
365 3632 403 3681 at,
432 3630 477 3669 207
505 3642 510 3669 :
545 3645 555 3665 u
586 3622 721 3688 (Antonius)
743 3623 816 3668 facilis

272 3698 297 3744 in
317 3698 391 3744 causis
419 3695 561 3757 recipiendis
584 3707 643 3751 erat,
669 3694 816 3742 fastidiosior

272 3771 369 3817 Crassus
383 3791 404 3814 n.

304 3851 326 3888 2.
347 3840 500 3903 Litsslde'bnt
521 3851 616 3902 portant
630 3856 669 3886 sur
681 3856 726 3886 nne
742 3855 814 3900 ques·

271 3916 323 3959 tion
340 3915 369 3960 de
388 3912 487 3976 arcina
507 3929 538 3958 uu
560 3929 612 3958 sens
628 3913 703 3958 moins
720 3911 812 3974 genien}

272 4002 317 4047 qne
329 3984 494 4031 controversiae
506 3982 588 4048 (dtbn
601 3986 769 4048 queleonque).

301 4063 325 4105 t.
336 4057 439 4119 rer-peri,
452 4076 462 4097 a
474 4056 714 4117 supporterjusqu'au
724 4056 780 4101 bout
791 4076 811 4102 n.

302 4136 324 4172 ὁ.
343 4130 393 4174 Non
407 4127 481 4173 uti:
491 4127 528 4172 uti
538 4143 581 4172 nort
594 4128 666 4171 neoda.

302 4206 324 4245 7.
343 4200 426 4244 Libere
439 4198 551 4248 iudicare.
573 4199 604 4243 lls
625 4208 727 4259 perirent
744 4198 814 4260 juger

270 4271 405 4325 timenreut,
419 4286 490 4331 parce
500 4270 569 4330 qu'ils
580 4286 609 4315 ne
627 4282 679 4316 sont
691 4287 733 4331 pas
748 4271 811 4315 intc'-

270 4343 344 4389 resse's
356 4342 414 4386 dnus
433 4343 454 4386 le
473 4341 554 4402 procis
569 4358 574 4385 ε
592 4342 643 4402 ilsy
661 4342 770 4387 assistent
782 4358 811 4387 cn

270 4415 367 4474 sintples
378 4413 506 4457 auditenrs.

302 4495 339 4530 to.
358 4485 396 4539 ld,
417 4488 428 4528 ir
447 4483 524 4529 snruir
539 4482 664 4528 dtrcre.-
687 4485 811 4529 Facillime

270 4570 340 4621 utque
351 4557 496 4601 ornatissime
506 4557 607 4615 reprend
625 4555 709 4616 oprsime
721 4572 781 4616 pom*
791 4559 811 4602 le

871 3554 992 3601 dicendum
1005 3557 1125 3602 accedant.
1137 3583 1168 3593 -
1179 3557 1299 3612 Accidere,
1309 3577 1338 3606 cn
1352 3579 1419 3608 msu-

871 3626 932 3672 rnise
955 3638 1018 3688 part,
1036 3628 1137 3690 puisque
1159 3644 1188 3673 ue
1205 3646 1248 3690 pus
1264 3646 1290 3676 se
1309 3635 1421 3680 troubter

870 3699 943 3744 serait
962 3715 1007 3744 une
1027 3716 1126 3761 marque
1146 3701 1310 3750 d'ess'ronterie
1330 3703 1415 3766 (impa-

869 3769 969 3831 dentiul.

902 3849 938 3887 16.
969 3842 1017 3902 Qui
1042 3860 1093 3888 vero
1121 3844 1183 3890 niln'l
1205 3857 1311 3908 puteat...
1341 3859 1416 3895 samen

871 3912 999 3974 impudens.
1024 3915 1087 3960 Ainsi
1112 3916 1173 3962 deux
1197 3917 1330 3979 catigories
1353 3919 1415 3965 ‹t'et-

869 3983 957 4030 frontes
983 4003 989 4031 ι
1010 3988 1042 4032 les
1069 4003 1112 4033 uns
1130 3985 1181 4050 (qui
1204 3999 1247 4035 ont
1273 3990 1306 4036 dn
1332 3990 1415 4053 talent)

869 4066 924 4101 sont
945 4059 1059 4104 effrontes
1084 4061 1096 4103 ir
1120 4075 1189 4106 cause
1213 4061 1244 4106 tle
1273 4062 1328 4107 leur
1349 4078 1413 4108 assu-

868 4143 938 4174 rance
967 4130 1166 4190 imperturbnble;
1194 4131 1228 4191 les
1260 4143 1340 4179 autres
1364 4133 1413 4195 (qrri

869 4200 934 4245 n'ont
944 4217 987 4261 pas
1003 4202 1033 4248 de
1047 4201 1131 4264 tulerit)
1144 4203 1166 4249 le
1179 4213 1232 4249 sont
1252 4220 1325 4264 parce
1346 4206 1415 4266 qu’ils

867 4283 935 4316 osent
965 4288 989 4317 se
1024 4273 1097 4319 mller
1126 4274 1202 4321 d'etre
1228 4286 1346 4322 orateurs.
1372 4279 1414 4322 Les

868 4344 982 4403 premiers
1008 4355 1062 4390 sont
1098 4345 1224 4393 bllmsbles
1260 4348 1291 4394 de
1318 4365 1347 4394 ne
1373 4365 1413 4409 pas

868 4415 962 4476 rougir3
971 4416 1005 4461 les
1017 4417 1123 4472 seeunds,
1133 4418 1262 4465 memes'it·
1271 4422 1413 4482 rongissent,

867 4499 919 4533 sont
940 4502 1025 4533 encore
1050 4488 1177 4535 bllmsblcs
1196 4492 1226 4554 de
1246 4507 1270 4538 se
1295 4492 1412 4557 risqueri

867 4559 953 4618 parler.
