3292 5422
525 465 615 518 car.
642 466 709 522 vu.
735 463 769 542 ‘gp
792 466 911 519 esec.
1251 466 1287 519 ro

144 598 266 679 monis,
287 621 396 689 eaque
424 610 512 664 esset
541 594 575 661 in
596 594 736 663 homine
766 594 958 662 iucuriditas
980 612 1012 664 et
1039 610 1150 664 tantus
1176 596 1209 663 in
1237 598 1289 664 lo-

144 713 285 809 quendo
304 714 411 806 lepos,
425 725 461 778 ut
478 710 550 778 dies
571 710 660 778 iuter
680 736 738 779 eos
759 709 874 777 curiae
892 710 993 779 luisse
1013 712 1199 795 videretur,
1212 739 1290 780 con·

144 830 276 897 rivium
293 827 491 896 Tusculani.
518 821 579 909 llll]
599 829 741 894 Postero
759 840 872 893 autem
891 826 959 906 die,
985 853 1062 894 cuni
1080 828 1126 895 illi
1144 829 1291 898 maiores
1311 855 1315 864 ’

146 962 229 1015 natu
240 944 320 1013 satis
337 943 511 1039 quiessent
526 956 560 1012 et
579 942 615 1010 in
633 940 899 1009 ambulationem
918 957 1058 1011 ventum
1070 958 1169 1027 esset,
1186 941 1290 1040 [dice-

146 1060 217 1158 bat]
234 1077 307 1130 tum
327 1059 538 1142 Scaevolam,
561 1057 695 1126 (luobus
715 1057 832 1151 spatiis
843 1057 995 1128 tribusve
1012 1059 1120 1143 thetis,
1139 1059 1263 1129 dixisse
1283 1088 1288 1126 :
1330 1070 1346 1122 5

146 1184 221 1248 Cur
237 1202 308 1245 non
329 1175 513 1259 imitamur,
531 1178 665 1258 Crasse,
681 1176 858 1242 Socratem
878 1172 972 1241 illum
988 1176 1046 1268 qui
1063 1191 1114 1244 est
1129 1175 1163 1244 in
1182 1176 1293 1244 Phae-

148 1295 214 1362 dro
241 1289 415 1361 Platonis?
440 1293 529 1360 Nam
555 1315 609 1359 me
632 1289 718 1359 haee
738 1304 795 1357 tua
815 1289 971 1383 platanus
995 1291 1184 1375 admonuit,
1206 1318 1293 1386 quae

149 1435 221 1478 non
254 1407 366 1475 minus
392 1406 434 1475 ad
460 1405 676 1500 opacandum
697 1405 790 1473 hunc
815 1405 930 1472 locum
955 1406 1077 1499 patulis
1098 1421 1148 1475 est
1170 1408 1292 1475 diffusa

150 1524 254 1594 ramis
269 1548 371 1617 quam
394 1523 449 1590 itta
474 1521 571 1590 cuius
596 1523 751 1590 umbram
776 1534 913 1590 secutus
934 1536 985 1589 est
1013 1523 1182 1607 Socrates,
1207 1548 1294 1616 quae

150 1639 235 1708 mihi
255 1636 390 1707 videtur
414 1662 485 1707 non
514 1652 580 1706 tam
605 1636 676 1731 ipsa
700 1636 810 1721 acula,
837 1661 926 1730 quae
948 1636 1167 1724 describitur,
1193 1663 1294 1732 qnam
1314 1640 1348 1695 1⁰

180 1858 229 1903 ΝΟ,
246 1862 265 1901 t.
279 1854 343 1899 omiti
353 1868 380 1899 re
394 1857 496 1900 Eussner
505 1853 608 1911 (Ptotot.
625 1859 664 1909 tt,
680 1869 705 1912 p.
715 1852 780 1915 ΜΠ).
799 1878 830 1888 -
848 1860 900 1898 t-t.
915 1853 1027 1916 lopicndo
1045 1858 1070 1901 M
1085 1859 1161 1920 Lagg.
1178 1867 1200 1914 2,
1217 1864 1240 1912 l,
1259 1866 1295 1910 ¹3·

151 1938 227 1982 32-a3
244 1927 340 1971 iocando
355 1929 381 1971 1..
392 1933 483 1971 -t-s.
497 1937 555 1970 esset
565 1925 657 1970 dicebat
670 1935 717 1968 tum
732 1925 773 1979 Μ;
789 1939 837 1969 estc
850 1924 943 1970 dicebat
958 1936 1005 1971 tom
1020 1929 1047 1972 L.
1062 1928 1161 1974 Dicebat
1176 1928 1296 1990 supprimi

151 2016 194 2061 par
204 1999 253 2052 0’;
270 1997 421 2059 suppression
435 1999 446 2042 'a
460 2007 579 2058 accepter.
595 1995 655 2054 Dtji
669 1993 769 2040 Lambin
783 1995 845 2040 aruit
861 1996 937 2055 rejott
950 1997 1043 2044 dicebat
1055 2016 1147 2045 comme
1163 2017 1207 2047 une
1220 2003 1295 2063 glose.

151 2071 213 2118 Mais
232 2072 323 2130 Kayser
342 2070 430 2129 reJ'ette
445 2068 538 2113 dicebat
559 2080 624 2121 trinu
642 2067 700 2110 c'est
716 2066 776 2110 aller
790 2075 844 2126 trop
858 2067 916 2112 loin.
944 2072 1000 2114 Tum
1014 2071 1073 2116 n'est
1084 2088 1125 2132 pio
1139 2071 1223 2117 inutile
1238 2089 1298 2132 pour

152 2157 273 2188 annoncer
291 2142 314 2185 le
332 2151 537 2185 commencement
558 2139 588 2184 de
612 2137 706 2182 l'aetion
732 2135 878 2198 principale3
906 2138 940 2189 cl.
964 2140 1033 2202 ξω,
1053 2144 1084 2187 oh
1110 2153 1158 2188 tom
1177 2145 1237 2189 n'est
1259 2161 1299 2205 pas

151 2211 311 2260 contrub-
327 2219 363 2257 to.
379 2213 448 2257 acido
471 2214 497 2257 M
514 2214 586 2273 Lagg.
606 2217 642 2265 ta,
658 2215 696 2254 32.

188 2419 209 2459 l.
223 2414 305 2473 anue
313 2423 381 2459 esset.
398 2415 434 2457 On
449 2413 579 2457 attendrait
590 2408 703 2456 l'iulinitil

153 2497 250 2543 eamque
258 2481 371 2543 sitisse...
393 2482 569 2534 iucunditatem,
584 2499 608 2527 se
628 2490 703 2525 rettu-

154 2553 226 2598 ehsnt
243 2555 256 2597 ἰ
273 2554 398 2598 inerrabat.
415 2554 475 2599 Mais
487 2555 502 2598 il
515 2571 554 2615 yn
576 2552 703 2598 attraction

154 2640 212 2670 avec
236 2626 258 2670 h
272 2626 422 2685 proposition
437 2625 596 2686 precedente:
613 2635 637 2668 ut
658 2622 702 2667 tol·

155 2697 274 2745 leretur...
290 2697 402 2742 tristitia.
415 2696 477 2743 C'est
488 2714 547 2757 pour
562 2697 653 2741 n'nvoir
663 2710 703 2755 pes

154 2767 261 2827 compris
277 2761 341 2812 'cette
360 2768 524 2813 construction
539 2784 586 2828 qne
604 2769 705 2812 Eussner

156 2854 260 2898 purpose
274 2838 298 2883 in
309 2837 371 2882 omni
380 2856 406 2884 re
421 2856 449 2883 aa
468 2839 516 2885 lieu
528 2840 558 2884 de
576 2838 599 2882 in
614 2836 704 2881 homine

156 2908 182 2969 (i.
196 2924 219 2954 e.
236 2910 347 2970 Crasso);
362 2911 495 2956 correction
513 2908 649 2970 approuviee
662 2924 706 2967 par

157 2978 331 3035 pioniensis
348 2981 440 3026 inutile.

190 3058 214 3097 ¹2.
231 3052 299 3107 Dies,
316 3054 337 3098 ln
349 3053 448 3113 journiee
461 3053 553 3114 jusqu’ir
570 3052 659 3097 l‘heure
674 3050 704 3095 du

157 3121 284 3168 convictum
303 3123 336 3186 (le
352 3141 419 3185 repas
440 3123 535 3186 desigot
548 3124 619 3169 d’une
639 3122 706 3184 freon

157 3193 286 3259 ginirsle).
310 3221 342 3231 -
360 3197 447 3243 Carine
461 3206 484 3240 et
506 3195 635 3241 Tusculani
654 3203 706 3239 sont

158 3268 220 3312 deux
235 3265 330 3329 genitit's
344 3267 373 3312 de
389 3268 520 3327 possession
535 3283 560 3312 se
575 3267 707 3312 rattachnnt

159 3342 172 3383 's
180 3339 272 3398 sitisse.
287 3339 435 3385 L'entretien
445 3340 476 3384 do
486 3341 550 3399 jour,
563 3355 606 3398 par
619 3355 642 3382 sn
652 3353 706 3397 grs-

159 3410 218 3464 vite‚
242 3412 304 3455 avait
325 3423 456 3472 appartenu
475 3429 503 3456 au
527 3410 594 3456 senat
615 3408 706 3469 (oo-d.

158 3481 259 3544 rappeh'r
270 3482 304 3527 les
318 3481 409 3528 sesnees
423 3485 453 3527 de
468 3485 489 3527 la
506 3482 592 3545 curie);
603 3481 665 3526 celui
676 3480 707 3524 du

159 3554 243 3617 soir,'s
260 3554 333 3607 table,
350 3555 474 3616 oppurtint
489 3556 500 3597 :a
513 3554 641 3600 'fusculum
656 3551 709 3613 (par

159 3641 203 3671 son
218 3625 383 3688 enjouement),
395 3625 430 3671 lut
439 3627 511 3686 digne
520 3626 549 3670 de
560 3634 621 3670 cette
637 3625 708 3669 ehar-

160 3707 243 3741 mante
266 3696 376 3742 retroite.
398 3701 433 3743 Ne
454 3698 522 3758 point
541 3699 595 3749 licr,
618 3712 709 3741 conone

160 3767 266 3820 Ellendt,
282 3767 332 3812 dies
352 3767 441 3824 curiae,
458 3785 512 3814 sous
532 3768 641 3830 priteste
662 3782 709 3829 que

161 3839 222 3884 e'est
239 3854 283 3884 une
298 3839 434 3900 expression
449 3853 562 3886 courente
578 3857 640 3900 pour
665 3840 708 3884 de-

162 3910 242 3970 signer
257 3910 279 3954 le
290 3911 346 3970 jour
357 3913 387 3955 oh
404 3913 426 3956 le
441 3910 505 3957 sinat
520 3912 577 3956 tient
588 3914 677 3956 siance.

195 3986 219 4025 4.
237 3983 267 4026 In
289 3981 480 4032 (ιηιὸαὶαιίοηευι,
502 3999 549 4028 uon
573 3998 616 4042 pas
636 3984 710 4027 seule·

164 4062 231 4097 ment
246 4053 268 4097 Ιι
281 4054 425 4113 promenade
449 4054 576 4099 habituelle
591 4057 622 4099 dn
637 4055 710 4099 mutin

163 4123 267 4184 spresle
287 4125 351 4169 lever
366 4121 528 4190 (περίπατος),
542 4126 599 4171 mais
621 4127 643 4171 te
663 4125 710 4171 lieu

163 4198 194 4241 de
213 4205 278 4242 cette
295 4197 439 4256 promenade
452 4195 523 4256 (allec
537 4198 566 4243 de
587 4197 665 4258 jardin
681 4214 711 4242 ou

165 4267 317 4327 colonitade).

196 4347 220 4383 ts.
255 4340 357 4401 Spatiis,
395 4357 488 4386 eoirsme
532 4358 590 4386 nous
631 4342 711 4386 disons

165 4427 178 4449 α
189 4408 252 4454 deos
266 4426 296 4455 ou
313 4412 369 4456 trois
385 4422 450 4456 tours
465 4433 475 4452 n
492 4412 531 4472 (de
547 4414 710 4472 promenade).

165 4478 202 4525 Cl.
215 4496 259 4541 pro
276 4484 337 4526 Mur.
355 4489 394 4536 st,
408 4489 456 4527 to:
476 4504 485 4524 ι
502 4501 514 4526 a
530 4485 624 4545 quibus,
653 4486 710 4529 ...ai

166 4567 214 4597 unu
242 4553 353 4599 basilicae
379 4554 455 4613 spatio
479 4555 638 4611 honestamur,
656 4556 711 4600 dili·

758 2421 841 2471 genter
870 2413 989 2460 observnri
1016 2416 1122 2463 videmur
1153 2429 1176 2464 et
1203 2414 1247 2464 coli
1278 2441 1299 2467 s.

791 2491 842 2528 6-7.
862 2488 892 2530 Iu
900 2487 1007 2531 Phaedro
1017 2490 1134 2544 Platonis,
1143 2507 1167 2550 p.
1180 2498 1233 2544 2¹20,
1247 2496 1300 2538 2³0.

758 2555 802 2599 sor
827 2568 890 2601 cette
911 2557 1029 2603 imitation
1049 2560 1101 2606 soir
1122 2563 1302 2608 l'lntroduction

759 2641 783 2685 p.
798 2629 880 2673 xciv.
892 2628 990 2674 Cicirrun
1008 2631 1070 2676 aruit
1083 2633 1240 2678 e'videmntent
1256 2633 1300 2677 tait

758 2697 819 2744 dece
825 2699 933 2762 dialogus·
940 2717 984 2746 une
994 2704 1137 2748 c'tudetonte
1144 2704 1301 2764 particuliere.

760 2770 836 2826 Voici,
855 2783 922 2817 ordre
943 2773 964 2817 le
981 2791 1078 2836 passage
1101 2777 1186 2831 netuel,
1202 2778 1304 2822 d'autres

760 2843 970 2900 rupprochements
980 2845 1020 2904 qui
1030 2847 1051 2889 le
1062 2858 1178 2906 proritent
1191 2865 1196 2891 τ
1206 2848 1234 2894 de
1244 2851 1300 2909 ch.

760 2913 791 2967 11,
807 2919 831 2973 a,
843 2921 870 2967 o;
886 2913 914 2958 dc
928 2915 1004 2960 Divos.
1019 2918 1038 2969 1,
1047 2923 1088 2971 est,
1104 2927 1147 2974 ao,
1159 2923 1224 2964 Tuo.
1235 2922 1254 2975 1,
1264 2928 1302 2970 ae,

761 2991 803 3038 533
816 2983 843 3026 dc
860 2985 892 3029 Re
904 3001 928 3044 p.
940 2988 982 3040 vl,
994 2994 1034 3042 25,
1048 2994 1076 3032 27
1086 2987 1125 3050 (es.
1137 2989 1208 3035 t’ttd.
1220 3007 1244 3050 p.
1258 2995 1302 3033 ’Μὴ

759 3052 852 3116 e-e);de
864 3054 916 3101 Fin.
930 3058 959 3116 tt,
970 3064 1004 3110 so,
1018 3056 1090 3120 satos.
1100 3059 1170 3105 Ptol.
1186 3061 1303 3122 proed).

793 3131 815 3170 7.
833 3127 926 3170 Haec...
941 3127 1067 3175 admonuit,
1081 3151 1091 3170 ι
1111 3131 1155 3176 m'u
1168 3131 1209 3177 fait
1222 3146 1305 3192 songer

761 3199 772 3240 ἰ
786 3211 812 3241 ee
824 3212 870 3257 que
884 3197 907 3255 je
915 3198 983 3243 niens
993 3199 1022 3244 de
1030 3200 1081 3245 dire
1094 3221 1114 3254 s,
1125 3220 1156 3247 sc.
1164 3219 1205 3247 nos
1216 3202 1305 3247 imitari

758 3283 826 3331 posse
840 3271 968 3314 Socratem.
984 3297 1015 3305 -
1028 3275 1101 3328 Haec,
1117 3289 1162 3319 non
1175 3290 1216 3334 pas
1226 3275 1305 3320 notui-

763 3339 856 3386 natilse
869 3352 1007 3400 supportant
1020 3343 1153 3404 hplutmms
1167 3346 1192 3407 (il
1204 3344 1307 3390 landriit

763 3411 839 3455 isto'a
862 3412 915 3456 eote
935 3414 964 3458 de
989 3416 1048 3475 tout),
1068 3414 1127 3460 mais
1145 3416 1258 3462 sccusstil
1277 3416 1307 3459 de

763 3482 930 3543 qualification.
949 3483 987 3529 cf.
1003 3485 1125 3548 Riemann,
1140 3490 1211 3547 Synt.
1236 3504 1260 3548 p.
1278 3493 1302 3532 71

762 3565 818 3600 note
830 3562 851 3608 ³,
865 3558 952 3618 ‘¹53⁶
969 3573 993 3617 p.
1010 3563 1048 3601 7⁴.

794 3634 849 3674 8-9.
869 3629 961 3674 Patalis
978 3640 1011 3672 cst
1029 3629 1124 3689 difusa
1142 3630 1222 3684 ramis,
1245 3650 1255 3669 o
1273 3639 1308 3673 est

762 3700 895 3759 lsrgement
915 3699 1017 3760 de'ploye
1047 3717 1103 3745 nvec
1128 3716 1166 3746 ses
1193 3701 1307 3746 branchos

763 3788 793 3816 en
815 3770 916 3815 tvonrait
939 3791 960 3815 n.
978 3772 1014 3817 (Il.
1039 3772 1138 3832 Virgile,
1159 3775 1215 3820 Boe.
1244 3780 1265 3828 t,
1287 3781 1306 3816 t.

763 3842 825 3888 C'est
845 3842 867 3887 le
885 3857 938 3901 grec
959 3840 1108 3906 ἀμφιλαφής.
1135 3843 1193 3887 Voir
1213 3843 1308 3896 Platon,

766 3913 862 3964 Phldre.
870 3930 893 3974 p.
904 3920 948 3958 esu
957 3914 972 3957 b
982 3931 987 3956 ε
999 3911 1014 3973 ἦ
1024 3931 1049 3962 τε
1056 3912 1104 3977 γὰρ
1113 3912 1237 3970 πλάτανος
1246 3912 1308 3972 αὕτη

765 3985 823 4046 μάλ’
847 3983 986 4048 ἀμφιλαφής
1007 4001 1032 4033 τε
1052 3984 1095 4033 καὶ
1109 3983 1203 4046 ὑψηλὴ,
1222 3991 1265 4034 τοῦ
1289 3986 1310 4034 τ’

765 4055 840 4119 ἄγνου
855 4055 953 4118 ebibo(
963 4056 1041 4105 salso
1058 4054 1163 4106 σύσκιον
1170 4056 1310 4118 πάγκαλον.

764 4153 796 4162 -
810 4130 907 4171 Secutus
928 4139 972 4178 est,
988 4148 998 4166 οι
1016 4143 1027 4170 n
1042 4128 1167 4173 recherche
1185 4147 1206 4179 n,

797 4200 928 4256 orduone
940 4198 1104 4242 initientur.
1114 4201 1202 4244 Toutes
1212 4217 1250 4245 ces
1259 4218 1312 4263 pro-

766 4270 880 4330 positions
895 4270 1002 4313 relatives
1012 4267 1081 4330 (quoe
1095 4287 1137 4314 non
1154 4270 1241 4327 minos,
1253 4290 1312 4334 piore

766 4341 825 4385 milii
837 4339 936 4393 videtur,
947 4357 1006 4400 quoe
1022 4341 1173 4404 describitur)
1184 4344 1313 4388 embarras-

767 4421 818 4457 sent
836 4428 866 4456 un
884 4427 930 4470 peu
944 4411 963 4455 ht
984 4412 1077 4471 phrase.
1092 4414 1153 4457 Mais
1171 4430 1228 4458 nous
1243 4432 1312 4460 avons

765 4484 854 4530 ieiune
871 4483 1038 4528 contemtion
1059 4499 1113 4529 arec
1133 4501 1175 4528 sou
1193 4484 1265 4547 degrc
1284 4488 1312 4531 de

768 4555 906 4616 negligenee
919 4555 1029 4615 permise.
1045 4578 1074 4590 —
1089 4557 1106 4600 ll
1122 4555 1184 4615 o'ya
1202 4571 1242 4614 pas
1254 4556 1312 4616 pri·-
