3292 5422
414 481 509 545 ear,
539 479 738 534 xiii-xiv,
767 474 802 556 gg
829 481 953 534 :tn-ou.
1216 481 1258 531 sa

112 614 163 681 vel
193 612 451 681 inflammandos
477 613 530 680 vel
556 613 656 681 otiam
678 612 956 707 exstinguendos,
981 611 1073 705 quod
1094 638 1199 680 aruum
1221 613 1255 680 iu

110 744 249 797 oratore
294 727 503 817 dominatur,
544 728 617 797 siue
663 727 921 822 diligentissima
965 728 1255 827 pervestigatione

111 870 230 913 carum
253 845 408 912 omnium
432 844 617 930 rationum,
641 869 728 938 (qliae
751 843 793 913 de
814 842 944 912 naturis
960 843 1101 911 humaui
1120 845 1256 938 generis

111 987 151 1029 ac
167 961 321 1029 moribus
341 959 590 1056 aphilosophis
608 961 834 1054 explicantur.
861 970 922 1042 [ot]
948 964 1059 1054 Atque
1078 959 1169 1027 haud
1185 960 1255 1028 seio

110 1103 154 1145 au
170 1077 282 1145 miuus
297 1077 394 1146 vohis
413 1076 478 1145 hoc
497 1076 559 1144 sim
578 1076 803 1169 probaturus,
822 1074 984 1169 equidem
1003 1100 1073 1144 non
1091 1075 1257 1144 dubitabo
1273 1094 1288 1147 5

111 1193 206 1288 quod
229 1192 339 1262 sentio
361 1193 477 1262 dicere
501 1220 507 1259 :
536 1190 675 1286 physica
710 1192 770 1259 ista
803 1191 874 1286 ipsa
898 1207 933 1261 et
959 1192 1199 1262 mathematica
1223 1207 1258 1261 et

111 1334 201 1404 (litae
224 1310 327 1404 paulo
351 1324 429 1379 aute
450 1323 642 1377 ceterarum
663 1307 787 1376 artium
808 1307 948 1402 propria
966 1308 1121 1403 posuisti,
1145 1308 1257 1378 scien-

112 1425 180 1494 tiae
218 1440 297 1494 suut
334 1449 455 1495 eorum
493 1423 552 1518 qui
586 1424 641 1492 illa
674 1422 897 1519 profitentur,
938 1424 1107 1493 illustrare
1143 1439 1257 1493 antem

110 1540 269 1610 oratione
287 1540 313 1609 si
334 1540 411 1635 quis
429 1540 508 1608 istas
524 1539 612 1634 ipsas
629 1554 719 1609 artes
739 1537 833 1625 velit,
855 1539 896 1607 ad
918 1538 1063 1608 oratoris
1084 1540 1113 1609 ei
1133 1539 1258 1609 confu-

110 1656 276 1752 giendum
302 1671 350 1725 est
383 1655 594 1726 facultatem.
631 1666 692 1737 [ιι]
729 1657 851 1750 Neque
883 1654 989 1744 euim,
1016 1655 1042 1724 si
1077 1655 1312 1726 Philonemto

112 1773 210 1841 illum
226 1771 467 1856 architectum,
486 1770 545 1866 qui
562 1771 828 1840 Atheniensibus
843 1770 1144 1840 armamentarium
1162 1770 1255 1856 fecit,

112 1903 248 1957 constat
276 1887 468 1982 perdiserte
493 1888 623 1983 populo
649 1887 818 1957 rationem
841 1885 957 1982 operis
980 1886 1031 1956 sui
1054 1887 1255 1972 reddidisse,

144 2085 194 2131 ΝΟ.
205 2090 228 2128 11.
238 2082 361 2129 illustrare
369 2084 388 2128 L
396 2100 402 2140 3
411 2082 534 2128 illustrari
540 2081 685 2138 M,delendu
692 2097 736 2141 par
743 2081 873 2146 Friedrich,
881 2085 932 2142 p.x
941 2098 946 2125 :
956 2102 967 2124 ι
976 2081 1022 2140 Qui
1032 2081 1082 2143 ipse
1091 2081 1208 2128 illustrare
1215 2099 1260 2129 non

113 2154 206 2216 poterit
220 2153 285 2216 quod
310 2155 378 2200 Philo
392 2164 433 2200 aut
448 2153 609 2214 Asclepiades,
625 2153 647 2199 ei
665 2164 690 2199 ut
705 2153 838 2199 illustretur
855 2153 885 2198 ad
903 2154 1017 2200 Antonios
1031 2153 1172 2216 fugiendum
1190 2166 1226 2199 est
1238 2175 1259 2199 n.

113 2225 174 2272 Mais
185 2224 283 2273 ciceron
298 2225 433 2287 n'cnvisage
457 2226 555 2271 d'abord
571 2241 617 2287 que
630 2226 664 2270 les
676 2235 767 2271 savants
782 2225 833 2288 qui,
846 2223 954 2271 desireux
966 2225 997 2271 de
1012 2236 1099 2272 mettre
1118 2242 1148 2272 en
1162 2226 1261 2272 lamii-re

112 2295 378 2343 tesrtsutursdeteurs
396 2297 544 2351 recherches,
559 2307 613 2342 sont
627 2297 737 2356 capables
754 2295 784 2341 de
800 2297 821 2341 le
836 2295 908 2353 laire;
924 2297 952 2341 ils
966 2298 1116 2354 s'adressent,
1129 2314 1175 2342 nou
1193 2313 1234 2358 pas
1249 2300 1260 2341 h

113 2369 231 2415 l'urtd'un
245 2367 480 2414 orateurditerminie
489 2369 558 2430 qu'ils
572 2368 686 2429 chargent
698 2367 728 2412 de
739 2368 761 2412 la
777 2367 880 2429 besegne
896 2367 931 2431 (ut
945 2368 1097 2413 illustrentur
1107 2369 1189 2432 artes),
1204 2370 1262 2414 arinis

115 2443 127 2486 'a
142 2440 198 2486 l'ert
211 2440 315 2486 oratoire
325 2456 354 2485 en
368 2438 463 2502 general
481 2439 540 2485 dont
557 2439 585 2485 ils
602 2439 707 2485 munient
717 2440 751 2484 les
763 2438 877 2498 proetides
887 2455 947 2499 pour
962 2438 1013 2483 leur
1021 2452 1116 2500 compto
1130 2441 1262 2503 (illustrant

113 2511 189 2574 ἐμῆς
203 2512 232 2556 ils
241 2510 292 2557 lont
303 2512 450 2557 eux-memes
461 2510 566 2556 t'oaetion
577 2510 715 2557 d'ornteurs.
728 2510 790 2558 C'cst
801 2509 871 2556 l'idic
882 2510 1002 2570 exprimee
1012 2511 1086 2573 dejn§
1096 2518 1123 2557 ta
1136 2523 1161 2558 ct
1172 2511 1261 2572 reprise

114 2598 200 2629 encore
213 2582 271 2628 dans
283 2584 305 2627 la
320 2584 404 2644 phrase
418 2582 524 2628 suivanto
538 2583 552 2642 5⁸
564 2590 601 2627 62.

113 2785 154 2849 (et.
170 2791 208 2839 ιι,
224 2791 269 2829 ιιι
286 2795 311 2830 et
333 2791 391 2839 eam
410 2786 442 2838 u,
462 2789 501 2837 ιι,
523 2789 575 2845 ιιι,
591 2783 657 2842 etc).

115 2860 180 2902 Pour
202 2855 273 2901 l’idee
292 2855 411 2915 exprimec
427 2853 459 2899 el.
480 2853 495 2916 fi
516 2861 553 2898 ιιι.
574 2880 604 2889 -
626 2855 660 2900 Ce

716 2799 748 2827 ιιι
768 2794 831 2829 ιιιιι
853 2783 982 2843 hardiesse,
1006 2784 1153 2837 semble-eil,
1168 2786 1226 2830 deas
1241 2787 1261 2831 la

716 2852 833 2913 premiere
845 2853 920 2912 partie
933 2853 962 2898 de
977 2869 1001 2898 sa
1021 2852 1121 2914 repense
1136 2858 1148 2901 a
1163 2856 1261 2901 Scaevola

116 2927 190 2973 caleat
201 2928 232 2971 de
250 2927 340 2972 mauier
358 2925 392 2971 les
411 2927 516 2987 passione
533 2928 563 2971 dc
580 2926 661 2971 l’audi-

115 3001 178 3046 taire
203 3013 228 3044 se
254 2997 378 3044 manifeste
404 2998 458 3059 plus
481 2997 660 3058 specialemean

115 3072 176 3116 nanis
189 3084 237 3114 non
250 3085 292 3130 pas
303 3069 465 3130 uniquemcot,
478 3068 535 3113 dans
554 3069 574 3113 la
592 3069 662 3130 piero-

115 3141 206 3197 reison;
220 3140 237 3185 il
256 3143 359 3186 trauveia
373 3139 516 3200 s'cmploycr
527 3140 588 3185 aussi
605 3141 662 3184 dans

114 3215 150 3259 les
162 3222 240 3258 autres
253 3212 340 3272 parties
355 3212 387 3257 du
401 3211 517 3259 discours.
531 3212 569 3257 Cl.
587 3212 661 3270 Quin·

115 3285 164 3345 tit,
179 3285 220 3336 vt,
233 3291 257 3336 2,
275 3293 287 3329 2
302 3302 307 3328 ε
321 3303 332 3325 ι
349 3292 508 3343 pertatem...
520 3299 613 3328 cunisam
626 3284 661 3327 lo-

114 3371 156 3400 cus
167 3365 202 3400 est
214 3354 336 3399 effectibus
354 3371 375 3398 n,
387 3369 389 3373 ·

150 3434 170 3471 1.
183 3425 383 3485 Exstinguendos.
393 3428 428 3470 Aa
436 3424 449 3485 5
458 3432 497 3479 ιι,
509 3432 533 3470 at
541 3433 563 3476 a,
573 3425 593 3470 le
602 3435 663 3470 teste

115 3499 194 3543 donae
210 3498 362 3556 restinguere,
382 3496 421 3556 qui
437 3499 514 3555 paruit
532 3496 585 3555 plus
602 3500 663 3555 juste

116 3586 146 3614 au
159 3584 212 3614 sens
226 3569 256 3612 de
272 3569 364 3611 sedare.
376 3593 408 3602 —
427 3570 510 3614 Uareni.
529 3566 664 3614 Plionasme

115 3641 186 3685 voulu
196 3655 252 3684 avec
264 3640 405 3693 dominatur,
413 3654 474 3699 pour
482 3655 593 3699 marquer
601 3649 665 3685 toute

116 3712 281 3773 l'importence
295 3711 358 3754 dela
378 3710 457 3755 chose.
472 3736 503 3744 —
519 3712 596 3755 lderue
611 3711 665 3757 idte

117 3783 472 3845 a,ao;ia‚sa;nt,am;tt,
489 3788 527 3834 sa,
542 3789 586 3826 ιιι
601 3799 605 3825 :
620 3782 665 3828 aiu

100 3898 102 3904 ,
116 3871 166 3916 qno
177 3862 231 3898 eunt
240 3852 318 3897 onmia
329 3871 340 3893 ιι
350 3869 357 3903 3
369 3855 436 3897 Orat.
449 3860 488 3906 et,
501 3859 528 3897 6⁹
544 3868 571 3894 :u
585 3853 666 3913 inquo

117 3941 165 3971 ano
186 3924 219 3970 vis
236 3923 312 3968 camnis
326 3923 426 3969 oratoris
440 3933 475 3968 est
497 3940 523 3979 »5
546 3929 584 3980 at,
603 3932 664 3969 lats:

119 4017 130 4037 ι
146 3997 232 4056 inquo
244 4011 292 4041 uno
307 4005 391 4054 regnat
406 3995 481 4039 oratio
498 4009 524 4050 a;
545 3997 612 4044 Brut.
627 4003 666 4051 811,

118 4074 181 4123 §tm
193 4066 304 4124 Quintil,
319 4068 360 4117 Vl.
380 4074 403 4121 2,
422 4072 434 4110 2
452 4084 458 4112 ε
478 4086 489 4106 a
509 4066 564 4111 nihil
581 4071 667 4113 afferre

118 4139 193 4184 maius
207 4139 242 4183 vie
257 4137 340 4184 orandi
354 4147 433 4197 potest
450 4158 472 4181 ι.

150 4217 173 4255 3.
191 4210 347 4256 Rationum...
359 4229 370 4250 α
383 4208 416 4253 les
429 4207 529 4253 theorice
545 4211 668 4269 psycholo·

118 4282 202 4342 giques
222 4291 246 4326 ct
270 4281 373 4325 morales
397 4298 418 4325 n.
441 4280 519 4325 hieme
544 4280 597 4325 ide'e
612 4281 668 4326 chen

117 4352 209 4407 Tacite,
226 4351 292 4397 utut.
312 4358 350 4396 31.
367 4377 398 4386 -
417 4350 523 4397 Naturis.
540 4350 605 4413 (11.5
627 4357 665 4397 ιι.

152 4430 205 4469 t-e.
225 4426 303 4484 Atque
320 4422 385 4467 hciud
405 4426 451 4466 ecla
469 4439 500 4467 un
517 4427 594 4467 rnlnus
615 4433 668 4468 seut

119 4492 234 4554 preparer
242 4495 276 4539 les
287 4493 407 4538 anditeurs
418 4489 554 4538 t'eurendrc
565 4495 667 4555 quelque

119 4578 208 4625 propos
226 4566 279 4626 plus
301 4563 383 4619 hardi;
399 4564 458 4609 mais
477 4566 597 4611 Crassusa
613 4566 666 4625 dija

715 2924 728 2984 g
743 2931 781 2968 tt.
797 2926 814 2969 ll
829 2940 842 2984 y
858 2940 870 2969 a
888 2925 946 2969 daus
956 2927 1067 2970 toutceln
1077 2927 1181 2986 quelque
1192 2928 1262 2973 chose

715 2996 770 3040 d'nn
789 3009 836 3054 peu
853 2994 1004 3040 disordonui·
1020 3007 1045 3042 et
1058 2998 1199 3052 redondaut,
1216 3015 1262 3060 qne

715 3066 779 3112 seule
794 3083 878 3111 excusa
888 3067 910 3111 la
925 3066 1010 3112 liberte
1024 3069 1057 3112 du
1071 3067 1190 3130 dialogue.

749 3146 771 3184 ι.
788 3138 912 3184 Dubitabo.
927 3137 1017 3199 Malgrie
1032 3139 1094 3184 Bake
1104 3139 1147 3201 qui
1159 3157 1263 3203 pmpose

716 3208 803 3264 dubito,
819 3211 841 3254 le
856 3208 919 3254 lutnr
936 3219 994 3269 peut
1014 3210 1183 3270 parlnitement
1198 3213 1261 3274 s'ep·

717 3281 814 3342 piiquer
828 3284 840 3325 h
856 3297 900 3327 ane
915 3281 995 3326 action
1010 3283 1069 3326 dont
1090 3282 1110 3327 la
1125 3283 1263 3331 re'alisatiou

717 3352 762 3397 suit
778 3351 990 3398 imuridiaterneut.
1007 3351 1044 3399 Cl.
1064 3359 1103 3408 38,
1126 3361 1179 3409 tta,
1193 3355 1264 3400 datt-

719 3424 785 3479 natm
802 3432 840 3479 eu,
861 3430 914 3486 256,
936 3439 1007 3484 neque
1028 3426 1172 3485 repugnabo,
1186 3436 1232 3475 etc.

751 3501 797 3541 6-7.
816 3495 948 3556 Physica...
961 3504 984 3538 et
996 3512 1055 3555 quae
1064 3496 1139 3558 paulo
1152 3508 1214 3542 ante.
1226 3497 1263 3543 Cl.

718 3567 827 3628 ιιιιιιι
842 3573 880 3612 ιι.

751 3645 803 3683 8-9.
841 3638 995 3682 illustrare...
1020 3637 1043 3681 ci
1084 3638 1264 3697 confugiendum

720 3710 925 3757 est....VoirNC.
956 3762 959 3770 Ι

752 3789 796 3826 11).·
814 3779 934 3826 Philonem
972 3779 1056 3824 Philon
1089 3780 1119 3824 de
1152 3782 1265 3840 Byzancc,

720 3851 810 3898 celebre
840 3852 963 3911 iugenieur
990 3866 1041 3895 rere
1069 3858 1114 3896 300
1138 3867 1174 3896 nv.
1200 3853 1265 3898 t.-c.

723 3926 800 3970 Valet.
817 3925 888 3975 Max,
904 3923 968 3979 vttt,
992 3928 1027 3972 l2,
1046 3929 1059 3965 t
1078 3939 1082 3963 :
1108 3941 1119 3963 ι
1136 3922 1267 3981 gloriantur

721 3997 817 4042 Athene
853 3991 1032 4037 aiaunmeutario
1057 4007 1097 4036 suo
1121 4006 1126 4038 ε
1154 4007 1196 4036 nee
1218 3993 1267 4038 siae

721 4082 803 4119 ceusu
817 4076 852 4111 est
874 4064 938 4109 euim
963 4062 1024 4107 illud
1043 4077 1102 4122 opus
1122 4072 1146 4107 et
1160 4060 1266 4124 impensa

722 4149 746 4184 et
760 4136 877 4199 elegantia
889 4134 1018 4179 visendum.
1031 4133 1103 4179 Cuius
1113 4133 1266 4181 architectum

723 4208 848 4255 Philonem
868 4207 900 4250 ita
923 4203 1021 4249 locande
1037 4203 1153 4248 rationem
1172 4205 1265 4251 institu-

722 4280 792 4327 tionis
805 4293 860 4323 suae
876 4277 899 4321 in
915 4276 1007 4320 theatro
1022 4275 1154 4321 reddidisse
1168 4288 1271 4333 constat,-

723 4364 748 4399 ut
771 4349 939 4396 disertissimus
961 4345 1063 4407 populus
1088 4362 1135 4391 nou
1150 4349 1267 4394 minorem

722 4425 812 4469 laudem
831 4419 982 4481 eloquentiae
998 4417 1049 4463 eius
1067 4434 1138 4478 quam
1161 4421 1205 4464 arti
1229 4423 1269 4466 tri·

722 4496 813 4541 haeret.
838 4513 849 4534 ι
871 4493 947 4546 Pliae,
968 4490 1029 4538 Hict.
1052 4491 1149 4545 datur,
1167 4496 1190 4545 7,
1215 4499 1267 4536 ιιι.

724 4568 766 4613 Cet
783 4565 873 4612 arseuut
897 4559 1044 4624 (ὁπλοθήκη,
1070 4558 1220 4623 σκευοθήκη)
1234 4561 1269 4608 lat
1296 4621 1298 4625 Ι
