3292 5422
278 481 316 533 58
615 479 669 533 DE
698 478 922 545 ORATORE‚
950 478 1032 533 LlB.
1061 477 1089 532 l.

279 610 430 679 studium
466 637 565 678 suum
598 636 700 679 omne
734 624 942 705 posueruat3
979 609 1038 679 sed
1077 624 1250 679 oratorem
1284 609 1423 704 plenum

279 741 383 820 atque
409 727 601 821 perfectum
629 752 701 797 esse
731 751 823 810 eum,
859 727 916 820 qm
941 725 983 795 de
1006 725 1166 795 omnibus
1190 726 1293 795 rebus
1322 726 1424 820 possit

280 842 421 936 copiose
444 842 607 938 varieque
631 843 760 913 dicere.
786 846 882 910 XIV.
911 842 1046 911 Etenim
1069 867 1171 936 saepe
1192 842 1226 911 in
1244 842 1284 910 iis
1298 842 1420 923 causis,

280 983 364 1052 qum
382 984 501 1028 omnes
519 959 676 1053 proprius
694 984 767 1028 esse
785 973 962 1027 oratorum
981 957 1202 1042 confitentur,
1226 973 1278 1027 est
1294 957 1423 1052 aliquid

184 1166 188 1172 '
246 1074 374 1168 5quod
397 1100 467 1143 non
492 1100 533 1143 ex
555 1100 618 1143 usu
642 1074 782 1159 sorensi,
812 1100 913 1170 quem
942 1074 1052 1143 solum
1080 1072 1276 1143 oratoribus
1300 1098 1423 1142 conce·

280 1189 371 1274 ditis,
406 1189 465 1259 sed
499 1216 539 1260 ex
577 1191 779 1261 obscuriore
806 1191 919 1285 aliqua
950 1190 1092 1260 seientia
1124 1190 1166 1259 sit
1192 1188 1421 1284 promendum

280 1322 381 1401 atque
397 1307 652 1376 assumendum.
676 1319 737 1391 [60]
754 1309 894 1396 Quaero
910 1307 1001 1376 enim
1014 1332 1098 1376 num
1110 1304 1216 1401 possit
1229 1321 1289 1374 aut
1304 1319 1421 1373 contra

281 1421 523 1516 imperatorem
542 1438 600 1492 aut
619 1449 683 1517 pro
702 1423 911 1518 imperatore
934 1422 1002 1492 diei
1023 1423 1096 1492 sine
1116 1422 1165 1492 rei
1187 1420 1343 1490 militaris
1361 1444 1421 1487 usu

280 1553 337 1606 aut
353 1564 454 1633 saepe
470 1539 570 1608 etiam
586 1539 659 1609 sine
675 1539 856 1634 regionum
872 1540 1086 1609 terrestrium
1100 1553 1159 1607 aut
1174 1537 1419 1607 maritimarum

231 1655 442 1741 loseientia;
483 1680 565 1724 num
599 1655 689 1750 apud
726 1656 892 1752 populum
926 1656 969 1725 de
1003 1655 1136 1750 legibus
1172 1652 1330 1723 iubendis
1366 1665 1421 1719 aut

282 1771 447 1856 vetandis
471 1796 553 1839 narn
573 1771 607 1839 in
624 1787 745 1841 senatu
766 1771 809 1840 de
830 1771 923 1840 omni
946 1771 995 1841 rei
1020 1771 1178 1866 publicae
1200 1793 1330 1864 genere
1353 1766 1417 1835 diei

281 1887 353 1956 sine
374 1913 504 1955 summa
527 1912 643 1956 rerum
662 1887 814 1956 civilium
836 1887 1034 1982 cognitione
1059 1901 1094 1956 et
1114 1884 1315 1981 prudentia3
1340 1906 1417 1951 num

280 2003 456 2073 admoveri
479 2002 583 2097 possit
608 2003 718 2072 oratio
747 2003 788 2071 ad
816 2028 935 2073 sensus
963 2003 1156 2071 animorum
1182 2015 1286 2096 atque
1311 2013 1419 2067 motus

312 2235 362 2279 NG.
380 2240 400 2276 t.
414 2233 568 2294 deposueruut
587 2236 620 2279 M.
644 2259 674 2268 —
696 2241 718 2278 2.
738 2250 788 2278 esso
807 2250 859 2279 euru
878 2232 956 2278 dicam
976 2235 1019 2278 tto
1037 2232 1207 2289 instruerent
1233 2230 1362 2276 dicamur
1379 2243 1419 2273 une

280 2304 345 2364 glose
362 2304 479 2349 evidente.
488 2329 519 2338 -
536 2309 559 2350 7.
573 2304 737 2348 aduoncudum
750 2308 782 2357 t;
797 2305 931 2350 sruueuduru
946 2307 988 2360 Μ;
1005 2315 1075 2366 atque
1084 2305 1219 2349 sumendum
1234 2312 1302 2348 entre
1316 2300 1420 2346 erochets

280 2374 337 2419 ehez
350 2378 448 2434 Kayser.
464 2375 605 2418 Suurcudmu
620 2386 645 2420 et
658 2376 809 2437 promendum
822 2376 921 2421 leraient
939 2392 983 2420 une
999 2375 1137 2438 tautologie.
1149 2375 1206 2420 Voir
1220 2375 1313 2418 d'antre
1329 2381 1382 2433 port
1399 2371 1419 2414 ln

280 2444 407 2491 diffiteare
423 2446 453 2490 de
469 2462 557 2490 seruere
575 2457 599 2491 et
611 2447 732 2491 ralramere
746 2448 775 2503 ll,
788 2454 826 2502 39,
846 2454 886 2493 163
906 2463 910 2490 :
933 2468 944 2489 s
961 2463 1031 2492 omne
1045 2449 1109 2508 quod
1129 2454 1232 2492 nutriatur
1248 2445 1272 2489 in
1284 2444 1418 2490 oratione...

281 2527 322 2560 nut
334 2533 362 2563 ex
382 2532 422 2561 sua
441 2516 501 2562 sumi
517 2517 539 2561 vi
558 2528 630 2579 atque
651 2528 732 2562 notura
749 2529 789 2562 aut
804 2518 893 2563 adsumi
907 2518 963 2563 loris
979 2532 1005 2574 o;
1024 2520 1056 2575 ll,
1074 2526 1110 2581 to,
1129 2524 1179 2564 ὅθι
1197 2537 1208 2558 α
1227 2532 1281 2561 eum
1297 2515 1419 2573 adsumpto

280 2588 375 2633 aliunde
395 2587 430 2633 uti
444 2589 505 2632 bono
528 2609 549 2632 a.
568 2591 600 2634 Le
614 2589 725 2649 composi·
752 2600 787 2633 est
808 2600 979 2634 consumment
997 2590 1107 2649 emplope
1129 2605 1157 2633 nu
1172 2588 1220 2633 lieu
1234 2587 1265 2632 du
1283 2586 1378 2646 simple,
1393 2600 1419 2627 aa

279 2675 332 2703 sens
350 2661 379 2704 de
404 2680 414 2701 ιι
432 2659 491 2704 tirrr
507 2660 610 2721 quelque
626 2661 695 2705 chose
717 2661 748 2705 da
768 2660 863 2715 delium,
892 2661 1048 2721 l'emprunter
1073 2665 1086 2704 ὶι
1110 2677 1154 2704 une
1183 2659 1274 2704 seienee
1298 2656 1419 2717 etrongere

279 2747 340 2790 pour
358 2731 468 2790 l'ajouter
485 2734 497 2776 ὶι
515 2747 541 2776 ce
557 2748 603 2792 que
625 2732 673 2775 l'on
688 2729 787 2792 possode
809 2751 820 2772 ιι
840 2730 879 2793 (el.
901 2732 929 2790 §g
944 2738 982 2788 bl,
1000 2738 1053 2786 tat,
1075 2737 1129 2785 stu,
1150 2737 1262 2787 mm
1277 2743 1284 2781 ;
1298 2731 1365 2776 Orat.
1383 2733 1419 2780 32,

281 2801 342 2865 ua).
358 2801 635 2864 Poleogruphiqaensent‚
650 2803 672 2847 le
684 2802 774 2863 prtfixe
784 2802 824 2857 ad,
839 2801 941 2862 precede
956 2803 986 2847 de
999 2814 1077 2864 elprae,
1093 2820 1106 2846 a
1120 2819 1151 2862 pu
1160 2801 1274 2847 aisement
1287 2800 1421 2846 teutber-

278 2900 309 2909 -
319 2881 340 2918 s.
356 2891 397 2919 usu
409 2874 468 2919 omis
483 2890 527 2934 par
540 2877 579 2934 M;
601 2885 668 2919 entre
687 2875 794 2920 eroelrets
804 2874 861 2919 clree
879 2873 1010 2922 Friedrich.
1026 2900 1058 2909 -
1076 2880 1113 2919 to.
1131 2873 1249 2919 scatentia
1261 2877 1295 2920 M.

310 3119 331 3159 t.
350 3113 405 3164 Sed,
425 3122 510 3159 s.-eat.
531 3112 619 3165 dicum,
639 3113 820 3172 implicitemeat
908 3115 960 3160 Μ.
980 3109 1065 3156 tunsis
1082 3125 1140 3170 quus
1153 3125 1230 3154 carues
1248 3107 1358 3171 proprius
1375 3122 1420 3151 esse

277 3182 392 3229 renfermi
423 3185 480 3228 dans
515 3183 612 3243 argalo.
646 3184 731 3241 Quand
759 3184 821 3228 deux
875 3191 1019 3226 oratorum...
1034 3180 1065 3226 el.
1081 3182 1109 3242 &3⁸
1126 3187 1155 3225 ⁴8
1171 3190 1194 3226 et
1210 3187 1247 3224 52.

276 3255 373 3321 platones
386 3254 522 3313 s'opposent
533 3254 601 3307 ainsi,
620 3255 681 3299 l'une
698 3254 762 3299 itant
777 3254 821 3299 ne'-
908 3260 929 3297 e.
948 3255 988 3298 Ex
1001 3252 1131 3296 obscuriore
1146 3250 1255 3297 scientia.
1275 3251 1313 3299 Cf.
1326 3258 1349 3305 3,
1370 3257 1397 3294 to
1413 3263 1418 3291 τ

276 3326 363 3385 gutive,
382 3325 465 3368 l'autre
480 3321 629 3378 affirmative,
639 3324 654 3367 il
663 3334 698 3368 est
713 3322 821 3383 frequent

276 3397 306 3439 de
316 3395 496 3439 sous-entendre
511 3393 531 3437 le
547 3403 596 3437 mot
609 3393 732 3439 affirmarit
740 3396 820 3451 (verbe

277 3483 306 3510 ou
322 3464 402 3526 sajet),
415 3466 486 3525 qn'on
500 3463 569 3508 trisse
583 3481 611 3508 ou
624 3465 715 3510 leeteur
730 3469 742 3508 a
762 3466 822 3510 tirer

277 3539 307 3581 du
332 3548 383 3582 mot
416 3534 505 3597 negaris
525 3538 707 3596 correspondent
734 3539 763 3582 de
800 3537 820 3580 la

278 3609 363 3670 phrase
376 3608 527 3671 precedente.
540 3604 575 3652 Cl.
587 3610 687 3667 Horace,
700 3612 751 3654 Sur.
765 3609 783 3662 l,
801 3615 820 3662 t,

280 3688 332 3727 l-3.

310 3760 364 3802 2-3,
382 3757 417 3799 De
435 3751 539 3798 ‹rrnur'bas
559 3755 655 3798 febru...
676 3751 764 3812 copiose
785 3768 822 3796 να·

279 3825 357 3886 rieque
369 3824 453 3870 dicere.
465 3828 529 3869 Noas
541 3825 600 3870 roiei
615 3840 712 3869 rerenus
727 3823 739 3867 ir
752 3822 821 3869 t'iate

279 3897 358 3957 drag&
371 3903 411 3949 ts,
425 3903 508 3952 titt-ot,
519 3897 621 3958 capitale
632 3911 692 3956 pour
707 3894 819 3940 Cicerou:

279 3968 392 4013 l'orateur
406 3968 456 4013 doit
469 3969 534 4014 avoir
548 3970 587 4014 des
600 3968 693 4014 notioas
708 3967 738 4012 de
759 3977 822 4021 tout,

278 4054 318 4083 eur
333 4039 389 4083 eleas
408 4040 429 4083 la
448 4056 515 4084 cause
532 4057 560 4085 en
581 4055 714 4100 apparente
733 4040 754 4084 la
770 4039 823 4099 plus

278 4110 361 4169 siruple
380 4120 445 4155 tonte
460 4126 504 4155 uno
519 4111 582 4156 soule
594 4113 623 4156 de
636 4111 759 4172 questions
769 4121 824 4156 sont

278 4179 425 4242 impliquies,
445 4182 485 4242 qni
503 4181 524 4226 le
546 4183 640 4228 foreent
658 4185 670 4226 a
692 4182 821 4227 reeourirlr

278 4253 320 4296 des
345 4253 519 4298 connaissanees
546 4254 690 4315 etsungieres.
714 4253 824 4298 tssaarear

278 4338 304 4367 sa
318 4322 463 4383 developper
475 4334 537 4370 cette
553 4325 617 4380 ideo,
639 4341 668 4368 an
691 4340 775 4384 moyen
793 4326 823 4369 ‹le

278 4394 392 4455 quelques
415 4397 543 4456 exemplos.
564 4422 595 4431 -
612 4398 696 4442 Dicere
715 4396 823 4454 s'uppose

281 4467 293 4511 t
310 4466 381 4511 scisse
393 4466 477 4511 melius
485 4468 508 4529 lg*
521 4469 568 4529 68).
578 4471 610 4513 Le
621 4465 749 4527 specialiste
758 4483 823 4511 saura

281 4537 374 4591 ιιιίοιιιις
392 4537 504 4581 l'orateur
525 4555 593 4583 saura
610 4554 695 4584 encore
709 4536 824 4583 surenam-

282 4616 347 4653 ment
361 4624 423 4669 pour
435 4607 491 4652 bien
503 4609 590 4667 parler.

877 3323 900 3368 r'u
915 3322 1056 3368 obscuritate
1069 3339 1152 3368 rcruru.

907 3400 929 3439 7.
950 3395 1128 3440 Assurucaduru.
1146 3394 1207 3440 Voir
1220 3395 1271 3440 ΝΟ.

908 3472 930 3510 8.
948 3467 993 3513 ller'
1017 3466 1131 3510 militaris
1153 3482 1205 3510 risu.
1231 3465 1295 3510 llnlse
1320 3464 1421 3525 critique

876 3536 1040 3597 l'expression,
1066 3553 1119 3582 sous
1142 3537 1251 3597 perterre
1274 3536 1348 3597 qa’on
1371 3535 1422 3580 doit

875 3609 925 3653 dire
944 3609 981 3653 rei
1001 3608 1118 3654 rur'litarr's
1136 3609 1236 3654 scientio
1255 3617 1281 3652 et
1296 3624 1344 3653 non
1358 3622 1420 3651 usus.

876 3680 913 3726 Cl.
931 3681 1066 3741 rependant
1084 3681 1164 3735 Cesar,
1183 3684 1211 3726 B.
1227 3683 1256 3725 G.
1279 3680 1420 3731 v1,⁴o,e:

877 3771 888 3793 ι
910 3751 973 3796 ιιιιΙΙο
997 3752 1067 3796 etiam
1089 3766 1150 3797 nunc
1179 3768 1220 3796 usu
1246 3751 1282 3795 rei
1312 3749 1420 3795 militaris

876 3833 990 3883 percepto
1007 3842 1029 3868 o.
1045 3847 1077 3859 -
1099 3827 1146 3870 Pro
1173 3828 1314 3884 imperatore
1337 3822 1421 3866 dicere.

876 3895 938 3941 C’est
956 3909 984 3938 ee
996 3911 1042 3955 que
1056 3895 1156 3941 Ciceron
1169 3895 1289 3940 lui-meme
1302 3909 1314 3938 ι
1326 3909 1357 3938 eu
1370 3895 1423 3938 l'oe·

875 3966 955 4011 cesion
967 3967 997 4011 de
1019 3966 1076 4012 loire
1091 3967 1149 4012 dens
1166 3980 1208 4011 son
1218 3965 1325 4010 discours
1338 3965 1369 4010 de
1379 3967 1424 4010 Iur-

876 4037 942 4098 perio
953 4040 996 4083 Cu.
1015 4037 1118 4099 Pompei.

910 4115 947 4154 rt.
964 4112 999 4155 De
1013 4111 1077 4154 omui
1094 4110 1130 4154 rei
1139 4108 1250 4170 publicae
1259 4123 1354 4170 genere,
1366 4127 1378 4149 ι
1390 4122 1426 4152 sur

878 4190 956 4226 tontes
971 4181 1005 4226 les
1017 4181 1103 4241 parties
1118 4182 1148 4226 de
1169 4180 1377 4226 t‘ndmtniunttoa
1395 4179 1424 4222 de

877 4242 949 4298 l'Illdt
963 4272 984 4296 ιι.

911 4322 1089 4383 Πλιιὲιιιίιόιιε
1103 4335 1126 4368 et
1140 4321 1278 4385 prudentio,
1290 4342 1302 4364 «
1319 4322 1425 4367 connais·

878 4412 946 4440 sance
967 4394 1082 4455 thc'orr'que
1106 4405 1130 4441 et
1148 4396 1260 4457 prolique
1280 4394 1323 4440 des
1344 4394 1426 4439 choses

879 4467 1006 4530 polirique·
1019 4486 1041 4511 a.
1056 4466 1092 4512 Cf.
1109 4466 1123 4526 §
1138 4473 1176 4512 48.

912 4545 949 4586 tt.
971 4542 1057 4582 Sensus
1073 4549 1145 4598 utque
1173 4548 1259 4591 taetus,
1281 4539 1343 4584 deux
1365 4546 1425 4582 mou

879 4627 910 4655 ou
933 4608 1031 4655 associes
1052 4625 1083 4653 ou
1109 4609 1157 4670 pris
1183 4610 1232 4655 l'un
1258 4625 1320 4670 pour
1340 4608 1426 4655 l'nutre
