3292 5422
416 116 505 167 ssi).
539 111 767 165 xilv-xit.
799 113 834 187 g}
868 112 1029 163 ιιι-ιιι,

1239 106 1290 157 int»

156 247 379 341 antplissimus
404 246 549 337 quisque
573 259 603 311 el
633 244 839 311 clarissimus
862 243 934 307 vir:
959 256 994 308 nl
1013 241 1080 321 illc,
1105 239 1161 331 qui
1186 262 1292 330 prop-

158 379 205 430 ter·
231 362 318 430 lianc
350 361 431 428 iuris
465 360 573 427 civilis
605 360 780 427 scientiam
812 360 859 425 sic
884 358 1072 450 appellatus
1109 382 1126 421 ιι
1161 379 1293 421 summo

156 491 252 570 ροῐῑῑιι
274 492 323 545 est

251 593 389 687 egregie
411 592 572 660 cordatus
595 591 710 674 Ιιοιιιο,
732 606 825 659 catus
843 590 958 658 Aelius
977 592 1109 670 Sextus,

154 709 319 802 similique
344 724 536 802 praeterea,
555 708 628 802 qui,
655 733 732 775 cum
760 707 900 800 ingenio
929 705 993 773 sibi
1016 719 1158 772 auctore
1183 701 1327 795 digni-5

185 943 232 988 NG.
253 949 275 985 b.
294 940 337 1002 qui
352 938 470 1001 supprimi
489 956 532 1000 par
555 938 650 1000 Msdvig
667 937 736 999 (Aac.
754 937 814 982 Crs't.
832 939 873 998 ΠΙ,
892 954 917 998 p.
932 935 970 999 86)
991 936 1058 997 apris
1071 937 1173 982 llubner.
1191 962 1222 971 -
1239 951 1294 980 aeic-

153 1024 201 1058 tore
218 1011 360 1073 dignitatem
375 1013 436 1066 Men
455 1010 617 1056 auctoritatem
637 1012 746 1055 Munuee.
764 1012 862 1053 ,lisctorc
879 1018 914 1053 est
928 1007 1003 1068 rejeti
1017 1025 1060 1069 par
1075 1011 1169 1070 Peme,
1186 1007 1238 1068 puis
1251 1023 1296 1067 par

153 1085 246 1138 Sebiite,
262 1082 416 1146 Hem-idhsen,
433 1081 535 1127 Ellendt.
552 1081 624 1127 Adler
640 1082 697 1126 rend
713 1090 807 1140 compte
831 1080 888 1125 einsi
905 1079 934 1125 de
951 1080 1136 1139 l'iuterpoletion
1155 1078 1271 1139 supposie
1288 1094 1293 1120 :

154 1171 185 1200 un
196 1153 296 1214 copim,
307 1154 380 1206 dit-it,
386 1154 484 1214 jugeant
498 1170 544 1214 que
555 1153 649 1197 l'exucte
660 1151 794 1212 opposition
806 1167 862 1196 esec
875 1151 1042 1196 nicctcrs'tute...
1054 1151 1157 1195 valerent
1169 1150 1219 1211 (qui
1239 1149 1295 1210 suit]

154 1227 195 1271 ebt
209 1226 240 1270 du
262 1226 313 1270 itre
329 1224 424 1285 ingenio
442 1224 492 1268 sibi
510 1223 686 1279 auctoritatem,
709 1239 765 1269 eure
786 1223 844 1268 ierit
865 1224 943 1268 istite
964 1223 994 1267 dc
1015 1221 1086 1281 digni
1106 1222 1146 1285 (ou
1162 1219 1296 1282 eu-dessue)

154 1296 255 1352 auctori,
267 1296 346 1357 lequel
361 1296 449 1355 eliensi
461 1295 551 1340 ensuite
564 1296 621 1339 dnus
637 1295 657 1339 le
673 1304 781 1355 testeos,
795 1297 808 1338 i
821 1309 888 1339 cuusc
899 1293 928 1339 de
943 1294 964 1338 le
981 1294 1146 1346 construction,
1160 1304 1196 1338 est
1205 1293 1296 1338 devenu

153 1378 256 1412 erectore.
270 1367 365 1413 Mutber
375 1367 448 1428 (Neue
460 1368 544 1413 Jahrb.
561 1372 630 1428 1861,
644 1383 668 1426 p.
684 1363 796 1427 sss-set)
807 1379 907 1426 proposc
920 1375 1039 1411 erectorum
1051 1363 1202 1424 dignitatem,
1218 1374 1299 1408 uocetur

152 1438 270 1499 signifians
286 1439 396 1483 l'botnme
413 1439 442 1483 de
457 1438 519 1498 l'ert,
535 1453 565 1482 un
580 1439 673 1493 muitre,
689 1436 750 1481 celui
768 1436 817 1497 qui,
836 1436 894 1480 dans
911 1452 941 1481 un
962 1436 1078 1497 domnine,
1097 1435 1153 1480 ade
1166 1435 1186 1479 le
1198 1435 1295 1494 compe·

154 1519 221 1554 tence
238 1519 261 1556 et
284 1510 313 1555 de
332 1508 459 1555 l'eutoriti.
474 1510 492 1555 ll
508 1524 538 1553 ne
556 1509 646 1554 semble
664 1524 705 1569 pes
716 1506 849 1568 impossible
869 1508 899 1552 de
921 1523 1046 1552 conserver
1062 1517 1155 1552 uscctorc
1177 1521 1182 1548 :
1203 1506 1255 1551 vois
1274 1507 1296 1552 le

153 1580 336 1627 commentaire.

153 1788 233 1841 pectes
247 1794 274 1824 ex
294 1778 391 1825 loedere
414 1779 613 1840 pragmaticorum
634 1796 656 1825 n.
668 1801 698 1811 -

153 1850 196 1897 Sic
210 1849 235 1894 in
248 1860 326 1894 nostru
339 1850 442 1903 civitate,
463 1865 516 1897 s-e.
534 1848 663 1894 mim'strnm
675 1861 699 1890 se

150 1920 245 1983 praebet
257 1937 289 1966 ou
304 1920 375 1976 facit.
391 1921 428 1968 Cl.
451 1922 479 1966 de
493 1923 551 1982 [ιτς.
569 1922 587 1983 1,
603 1926 627 1974 t,
646 1924 674 1963 tt
691 1933 697 1961 :

154 2007 282 2037 «summos
304 1990 374 2037 luisse
389 1991 412 2037 in
432 1991 525 2038 civitete
543 2002 620 2037 nostre
640 1988 701 2034 viros

154 2063 195 2124 qui
209 2062 233 2107 id
248 2062 295 2120 (ins
310 2063 384 2124 civile)
403 2062 555 2123 interpretari
571 2062 662 2123 populo
676 2069 700 2105 et

154 2133 313 2194 responsitere
337 2133 399 2179 soliti
417 2134 464 2180 sint
479 2153 500 2179 s.

187 2213 208 2250 1.
230 2203 398 2269 Απιμὶιζιιὶιηιιε
426 2205 533 2267 quisque,
559 2225 570 2246 ι
598 2206 632 2250 les
650 2205 702 2266 plus

155 2276 327 2324 considerebles
353 2296 374 2322 n.
397 2276 565 2338 Amplissimsss
593 2276 655 2333 ordo,
678 2277 701 2320 le

155 2349 234 2395 Seuet.
243 2373 276 2384 -
292 2351 322 2396 Ut
333 2347 385 2404 ille,
399 2368 410 2390 ι
421 2365 465 2410 par
480 2349 586 2410 excmple
600 2348 662 2395 celui
679 2368 700 2391 s.

187 2427 210 2465 3.
227 2419 457 2474 Puetu‚e'est-i·dire
470 2419 568 2467 Ennius.
584 2419 621 2466 (Il.
637 2421 700 2464 idne.

155 2493 185 2554 Χ,
200 2497 246 2538 336
261 2490 309 2552 (id.
325 2492 425 2552 Vebleu)
448 2507 478 2538 ou
495 2494 594 2546 x1‚³es
611 2489 658 2551 (sid.
673 2492 701 2535 L.

156 2562 294 2623 Mulieri·
300 2564 360 2608 Vere
367 2561 413 2608 citi
422 2562 484 2608 eussi
496 2564 591 2610 Tmcul.
603 2564 621 2620 l,
630 2569 654 2613 6,
664 2568 701 2606 111.

187 2639 209 2678 1.
228 2632 330 2695 Egregie
343 2633 460 2680 cordatus.
482 2637 533 2679 Nou
554 2634 624 2694 point
646 2652 657 2673 κ
673 2649 702 2678 uu

156 2702 343 2759 nutriemur»,
365 2705 422 2751 meis
447 2725 458 2747 a
477 2705 546 2751 d'une
570 2721 660 2766 segesse
683 2705 702 2749 si

157 2773 269 2821 risseeble
292 2795 314 2821 s.
331 2780 396 2824 Dens
417 2777 439 2821 la
462 2777 542 2822 vieille
561 2777 647 2838 lengue
666 2792 704 2820 eor

157 2843 215 2892 ituit
243 2861 373 2907 synonyme
395 2849 424 2893 de
447 2864 520 2893 mens.
549 2848 586 2893 Gi.
608 2849 703 2902 Pleute,

156 2918 241 2963 Pseud.
256 2924 302 2964 763
319 2936 325 2962 :
346 2938 357 2960 ι
378 2930 490 2980 quantum
502 2935 546 2981 ego
560 2935 620 2964 nuuc
634 2920 704 2963 eorde

157 2987 276 3049 conspicio
301 3004 355 3035 meo
382 3009 409 3047 η
437 2992 534 3038 Poenul.
554 2997 593 3036 131
616 3008 621 3034 :
642 3009 653 3031 α
669 3004 704 3033 se-

157 3057 261 3118 pientes,
275 3061 347 3106 docte
358 3072 382 3106 et
394 3063 491 3107 cordate
506 3072 530 3107 et
544 3074 594 3107 cute
611 3077 636 3115 »ς
655 3061 703 3106 Τό·

158 3143 236 3185 retice,
254 3130 345 3178 elom.
362 3138 446 3177 311εα
464 3134 510 3178 ium
526 3132 636 3177 instructu
652 3141 705 3176 sunt

157 3199 190 3245 mi
201 3200 224 3246 iu
240 3204 312 3249 eorde
325 3203 421 3249 consilis
438 3205 515 3249 omniu
532 3223 553 3250 υ,
569 3204 632 3250 C'cst
646 3204 704 3248 uinsi

158 3287 204 3333 que
229 3276 256 3319 P.
280 3274 378 3335 Scipion
398 3275 480 3321 Nesicn
507 3277 570 3320 nvait
589 3274 628 3321 icti
652 3291 703 3319 sur·

158 3344 252 3391 nommd
263 3346 386 3392 corculum
398 3351 411 3391 is
425 3363 494 3393 cuuse
507 3349 537 3392 de
551 3363 576 3391 se
592 3346 703 3408 pinitru·

158 3413 209 3461 tion
223 3432 229 3460 ε
247 3435 258 3457 α
273 3417 391 3463 corculum
405 3435 418 3462 e
439 3420 509 3465 corde
523 3419 634 3463 dicebaut
648 3419 705 3464 enti·

163 3486 204 3546 qui
217 3488 337 3534 sollertem
349 3499 374 3535 et
386 3501 500 3535 neuturus
520 3490 617 3550 (Festus,
626 3506 650 3550 p.
666 3497 704 3546 61,

162 3557 266 3614 utinen
288 3559 318 3605 cl'.
334 3561 364 3606 de
387 3564 462 3606 urdine
485 3561 626 3621 Pline,Vll,
642 3561 703 3622 1111).

159 3628 259 3674 Ciciron
278 3629 313 3676 dit
332 3647 418 3678 encore
437 3633 465 3678 de
482 3632 537 3678 Fin.
555 3635 586 3687 ll,
604 3640 627 3688 8,
650 3639 677 3676 ut
698 3650 703 3676 z

163 3719 174 3739 s
188 3716 231 3746 uec
243 3701 307 3747 enim
322 3704 431 3764 sequitur
450 3715 484 3765 ut,
502 3704 539 3748 cui
562 3721 604 3748 cor
617 3703 704 3764 sapiat,

161 3770 182 3815 ei
198 3786 244 3817 non
259 3775 336 3834 sepiat
357 3776 449 3835 palatus
471 3796 492 3820 n.
512 3802 543 3811 -
564 3778 644 3822 Catus.
667 3774 703 3821 Cf.

162 3844 259 3898 Varron,
274 3845 301 3890 de
320 3845 388 3907 Ling.
408 3847 452 3894 lat.
468 3851 521 3901 Vll,
537 3855 565 3892 16
582 3847 703 3909 (Mulier):

163 3933 174 3955 s
195 3917 263 3975 Apud
288 3918 390 3964 Ennium
413 3919 459 3964 ium
483 3931 537 3965 cutis
562 3922 630 3979 signa
647 3918 705 3980 seru

162 3987 260 4031 sonitum
278 3988 334 4034 dure
352 4006 403 4034 voce
417 3991 704 4052 pernicissimarum

162 4057 207 4102 boe
224 4060 287 4105 enim
311 4063 384 4106 verbu
406 4064 488 4108 dicunt
512 4062 606 4117 Subiui3
633 4077 705 4122 quare

135 4124 139 4130 ’
160 4140 228 4175 entus
247 4132 327 4178 Aelius
344 4138 429 4181 Sextus
444 4151 500 4196 non,
527 4146 552 4181 ut
578 4134 650 4187 siunt,
672 4150 706 4177 su·

160 4203 236 4265 piens,
257 4205 298 4249 sed
322 4217 404 4252 acutus
424 4227 444 4250 n.
478 4211 550 4254 Catus
574 4223 603 4251 nc
627 4205 706 4251 devsit

752 1777 805 1838 plus
815 1779 865 1822 e‘tre
879 1776 938 1821 usiti
957 1792 987 1822 au
999 1787 1076 1839 temps
1089 1779 1118 1824 de
1133 1776 1234 1825 Ciciron
1246 1778 1297 1840 qui,

752 1849 916 1910 l'employent‚
944 1850 1060 1896 demende
1079 1851 1100 1895 le
1116 1851 1257 1909 perminima
1268 1851 1298 1896 de

754 1919 803 1966 s’eu
822 1919 895 1965 servir
913 1917 951 1980 (de
969 1923 1026 1982 lag.
1043 1923 1061 1977 Ι,
1083 1929 1121 1977 16,
1136 1924 1175 1985 sb]
1193 1941 1198 1968 :
1216 1943 1227 1965 e
1239 1937 1298 1984 pru-

754 1992 849 2036 dentem
862 2001 893 2046 st,
915 2003 939 2036 ut
956 1991 987 2036 ite
1000 1992 1087 2048 dicem,
1105 2004 1184 2039 cutum
1198 2015 1219 2040 e.

787 2068 808 2107 1.
825 2062 909 2107 Aelius
930 2067 1026 2111 Sextus.
1053 2063 1090 2109 Cl.
1112 2068 1179 2110 Brut.
1196 2074 1234 2120 20,
1249 2074 1298 2112 7s:

756 2153 768 2175 e
785 2133 842 2179 iuris
856 2133 953 2194 quidem
969 2133 1043 2179 civilis
1064 2136 1167 2181 omnium
1182 2137 1300 2198 peritissi-

755 2221 815 2259 mus,
827 2206 866 2250 sed
883 2203 955 2249 etiem
975 2206 1003 2249 ud
1022 2205 1146 2252 dicendum
1166 2219 1261 2268 paratus
1277 2230 1297 2255 s.

756 2273 791 2322 Cf.
805 2274 906 2320 eusside
920 2277 987 2322 Oret.
1008 2278 1026 2330 1,
1048 2283 1086 2338 13,
1107 2284 1159 2335 132,
1175 2278 1267 2325 lenate
1284 2297 1298 2324 a

752 2346 881 2409 pluribus,·
901 2353 940 2404 18,
965 2355 1025 2404 2t2;
1048 2351 1092 2410 Ill,
1118 2356 1156 2404 33,
1191 2357 1242 2398 133.
1268 2378 1300 2388 -

756 2417 840 2465 Aelius
856 2419 976 2478 prouocet·
998 2420 1085 2465 Aellu’.
1110 2420 1145 2468 Cf.
1170 2425 1238 2468 Orat.
1260 2429 1305 2477 13,-

758 2496 798 2534 161
818 2507 823 2534 t
840 2509 852 2530 s
869 2489 931 2546 Quin
948 2490 1030 2543 etiem,
1046 2491 1109 2552 quod
1125 2492 1171 2537 ium
1183 2494 1299 2540 subrusti-

756 2576 808 2605 eum
821 2560 922 2616 videtur,
932 2560 988 2605 olim
1001 2573 1080 2606 autem
1097 2563 1204 2622 politius,
1218 2581 1299 2610 eorum

757 2633 890 2692 verborum,
918 2648 1017 2693 quorum
1046 2634 1144 2679 encdcm
1168 2647 1234 2681 erent
1259 2653 1300 2697 po·

757 2715 857 2749 stremee
872 2704 933 2748 duee
947 2704 1040 2749 litterae
1057 2715 1184 2765 quaesunt
1202 2706 1225 2752 in
1238 2708 1299 2768 opti·

757 2791 816 2836 mus,
842 2785 984 2834 postremum
1009 2776 1111 2821 litterum
1136 2778 1300 2831 detrahebant,

757 2846 803 2891 nisi
818 2845 903 2889 voculis
920 2844 1095 2906 insequebatur.
1123 2850 1159 2893 lte
1180 2864 1227 2894 nou
1250 2860 1302 2896 eret

758 2934 784 2963 ea
798 2916 895 2962 ostensio
918 2917 942 2961 in
962 2917 1074 2972 versibus,
1094 2933 1163 2979 quam
1184 2936 1245 2966 nune
1264 2920 1300 2967 lu·

758 2989 825 3050 giunt
844 2993 928 3048 poetae
950 2989 1002 3034 novi
1022 2989 1107 3052 (parmi
1128 3007 1172 3037 eux
1189 2992 1300 3055 Catulle).

757 3062 795 3108 sic
812 3061 874 3107 cuim
894 3062 1049 3122 loquebamur
1069 3081 1074 3107 ι
1093 3065 1135 3125 qui
1155 3075 1189 3110 est
1202 3066 1303 3110 omnibu·

756 3137 873 3193 princeps,
891 3149 938 3178 non
959 3133 1064 3179 omnibus
1073 3136 1189 3198 princeps,
1209 3147 1234 3182 et
1253 3137 1301 3183 vitu

760 3204 804 3249 illa
819 3204 898 3266 dignu'
917 3205 1019 3268 locoque.
1039 3224 1085 3252 non
1107 3207 1194 3269 dignus
1219 3229 1239 3253 n.
1269 3212 1301 3254 (Ie

759 3277 816 3322 n'est
827 3292 868 3336 pes
877 3278 1009 3323 seulement
1021 3278 1042 3322 la
1055 3278 1144 3339 syllsbe
1154 3298 1181 3324 us
1191 3282 1232 3341 qui
1242 3282 1300 3341 perd

759 3349 781 3392 la
796 3347 863 3394 lettre
874 3348 952 3410 finale,
969 3349 1026 3394 mais
1046 3366 1130 3396 encore
1152 3350 1172 3395 is
1189 3353 1244 3396 chcz
1256 3355 1301 3397 En·

758 3420 829 3463 niue:
853 3423 915 3465 Ans.
933 3428 972 3464 661
996 3421 1104 3483 (Vahlen)
1124 3433 1170 3466 tuns
1189 3423 1301 3467 lateralis

758 3490 825 3534 dolor
836 3490 981 3536 certissimus
989 3493 1085 3537 nuntius
1092 3493 1174 3537 mimis
1182 3492 1301 3553 pronouci

760 3573 807 3606 tum
823 3562 921 3606 laterali
929 3563 1002 3615 dolor,
1013 3574 1058 3609 etc.
1072 3565 1091 3609 A
1103 3580 1243 3626 remerquer
1255 3582 1301 3626 que

759 3632 778 3676 si
791 3633 817 3677 l's
832 3633 930 3677 tosnbeit
943 3635 1000 3678 dnus
1012 3634 1033 3677 ln
1042 3634 1231 3699 pronunciation,
1247 3637 1263 3682 il
1275 3652 1303 3681 ue

759 3705 858 3750 tombeit
884 3721 924 3764 pus
953 3705 1010 3749 dens
1035 3705 1163 3751 l'icriturc.
1192 3710 1236 3752 Les
1257 3725 1302 3753 mss

760 3777 782 3821 lc
800 3776 905 3821 donncnt
916 3788 940 3822 et
953 3787 994 3821 out
1004 3777 1087 3822 raison.
1099 3778 1214 3823 Maximus
1224 3778 1303 3824 victo-

760 3848 865 3909 rinuslp.
886 3848 973 3909 1663-1)
992 3849 1026 3894 slit
1043 3865 1089 3909 que
1105 3850 1204 3895 certeins
1223 3850 1304 3897 lisient

759 3929 797 3965 cet
816 3923 851 3963 si
872 3920 893 3963 ls
911 3935 1028 3966 consonus
1045 3920 1159 3974 suivante,
1179 3938 1222 3982 par
1242 3939 1301 3972 es.:

761 3990 879 4046 insuntibu
894 3989 992 4048 spumis.
1023 4011 1033 4031 ‹-
1047 3992 1128 4048 Quud,
1150 4001 1174 4036 et
1185 3992 1203 4035 si
1221 3992 1302 4038 falsum

761 4071 805 4113 cst,
818 4061 947 4123 excogitari
957 4072 1034 4106 temen
1044 4078 1090 4106 non
1100 4063 1188 4122 potuit,
1199 4064 1219 4108 si
1231 4066 1302 4110 etium

760 4131 874 4192 scriptum
886 4149 898 4176 s
912 4132 1038 4179 excidisset
1051 4154 1062 4174 n
1081 4132 1202 4196 (Ellendt).

793 4211 814 4249 s.
832 4203 949 4265 Multique
957 4215 1081 4266 praeterea
1098 4206 1140 4268 qui
1155 4217 1199 4263 est,
1212 4223 1302 4253 comme
