3292 5422
272 466 325 520 186

611 467 666 522 un
695 469 915 542 carrona,
948 470 1024 526 aru.
1055 470 1078 526 1.

267 603 429 673 uendam.
452 601 535 687 lm]
554 600 677 692 Neque
698 623 780 668 vero
799 600 865 668 hoc
881 601 989 669 solum
1008 600 1104 685 dixit,
1124 601 1182 670 sed
1196 601 1267 694 ipse
1284 614 1320 669 et
1336 624 1407 668 sen·
1453 597 1457 611 ’

267 720 311 786 sit
330 734 364 787 et
384 718 477 788 fecit.
507 717 595 785 Nam
622 739 699 781 cum
723 730 811 784 esset
838 716 893 784 ille
921 717 973 784 vir
999 717 1205 812 exemplum,
1240 730 1278 784 ut
1302 715 1404 791 scitis,

268 833 484 903 innocentiae
505 853 654 923 cumque
677 828 735 897 illo
753 855 855 899 nemo
876 857 988 925 neque
1012 831 1179 927 integrior
1198 845 1286 900 esset
1306 831 1340 897 in
1358 830 1407 896 ci-

267 949 369 1018 vitate
393 972 507 1042 neque
532 945 695 1028 sanctior,
731 971 801 1014 non
834 946 938 1015 modo
963 947 1108 1041 supplex
1139 946 1312 1014 iudicibus
1337 970 1407 1013 esse

234 1065 388 1146 5noluit‚
415 1065 474 1133 sed
501 1087 545 1131 ne
574 1063 727 1131 ornatius
752 1062 891 1156 quidem
922 1078 978 1131 atu
1006 1064 1146 1132 liberius
1173 1087 1309 1131 causam
1341 1060 1405 1128 dici

267 1204 361 1247 suam
384 1204 485 1273 quam
507 1177 648 1272 simplex
677 1176 764 1246 ratio
791 1177 943 1246 veritatis
974 1178 1117 1247 serebat.
1153 1177 1298 1246 Paulum
1328 1175 1407 1243 huic

267 1297 388 1364 Cottae
422 1293 541 1362 tribuit
571 1294 731 1387 partium,
764 1292 987 1362 disertissimo
1025 1291 1248 1376 adulescenti,
1279 1291 1406 1360 sororis

268 1436 347 1479 suae
375 1409 461 1495 sili03
489 1409 574 1478 dixit
603 1409 682 1478 item
720 1433 854 1477 causam
882 1408 973 1478 illam
998 1408 1144 1503 quadam
1169 1433 1209 1478 ex
1235 1422 1333 1503 parte
1357 1407 1401 1494 Q.

268 1527 415 1609 Mucius,
436 1550 531 1594 more
551 1550 626 1608 suu,
651 1523 748 1592 nullo
766 1540 944 1618 apparatu,
966 1550 1051 1619 pure
1081 1540 1114 1592 et
1137 1523 1302 1592 dilucide.
1325 1532 1404 1604 12:301

218 1664 251 1718 10
266 1641 369 1730 Quod
386 1641 411 1708 si
430 1656 467 1709 tu
486 1656 581 1724 tuuc,
605 1644 738 1724 Crasse,
762 1638 914 1723 dixisses,
937 1641 995 1734 qui
1016 1639 1203 1710 subsidium
1221 1638 1351 1708 oratori
1367 1662 1407 1705 ex

270 1756 333 1825 illis
352 1756 652 1851 disputationibus,
675 1755 799 1850 quibus
818 1754 1014 1849 philosophi
1033 1770 1189 1840 utuntur,
1211 1751 1408 1823 addicendi

269 1872 401 1966 copiam
430 1871 617 1966 petendum
637 1852 715 1940 =esse
739 1870 844 1965 ‘paulo
871 1886 950 1940 ante
977 1857 1127 1953 dicebas,
1150 1870 1231 1939 etsi
1257 1868 1319 1936 tibi
1346 1892 1409 1961 pro

273 1992 307 2054 Ρ.
344 1989 473 2056 Rutilio
503 2013 572 2056 non
607 1986 894 2081 philosophorum
931 2013 1039 2070 more,
1077 1987 1136 2055 sed
1169 2001 1229 2054 tuo
1259 1983 1408 2052 licuisset

269 2103 385 2171 dicere
422 2131 428 2168 ι
464 2102 619 2197 quamvis
653 2103 806 2170 scelerati
841 2102 889 2170 illi
929 2102 1090 2185 fuissent,
1120 2101 1217 2170 sicuti
1253 2099 1405 2177 luerunt,

299 2281 346 2325 ΝΕ.
363 2288 385 2324 5.
398 2279 472 2323 erolrrit
486 2282 514 2324 0.
528 2304 558 2314 -
572 2278 667 2323 uberius
678 2279 749 2324 Bake.
762 2303 791 2315 —
806 2288 829 2324 6.
845 2279 918 2324 oratio
933 2281 976 2325 Ll.

299 2439 321 2476 ι),
342 2430 413 2476 lacu.
432 2430 468 2480 Cf.
484 2431 498 2491 ἓ
513 2437 566 2481 227,
583 2432 605 2476 la
621 2441 677 2476 note
692 2447 731 2476 sur
745 2431 812 2477 unu·

267 2502 322 2550 lius.

212 2594 215 2598 ’
299 2580 353 2623 3-4.
389 2568 526 2620 [reuocentur
555 2577 657 2636 (cornuae
685 2575 810 2635 integrior)

268 2646 375 2705 s'oppose
400 2644 616 2705 particulieramont
649 2660 677 2690 au
695 2646 758 2706 grief
782 2647 812 2689 da

267 2717 405 2762 concussiou
421 2717 492 2777 qu'on
508 2717 625 2763 articulait
635 2728 714 2762 contro
730 2717 771 2764 lui.
782 2743 813 2754 -

269 2785 378 2830 Sanctior
390 2785 485 2847 designo
496 2785 624 2831 l'auatirite
638 2787 669 2831 du
682 2787 810 2831 caractere.

268 2855 304 2901 Cl.
322 2860 390 2903 Orat.
408 2864 444 2912 ¹⁴0,
461 2863 489 2902 34
507 2875 512 2902 :
533 2877 544 2897 a
564 2859 621 2919 quid
635 2859 697 2903 enim
710 2868 758 2903 tem
773 2858 810 2903 di-

268 2937 329 2972 stans
353 2944 423 2988 quam
439 2943 452 2971 a
470 2927 596 2973 severitate
618 2929 735 2977 comitas?
760 2928 812 2989 quis

268 3009 348 3045 tamea
362 3015 465 3060 unquam
481 3011 504 3045 tc
520 3010 562 3044 aut
577 3000 679 3045 sanctior
696 3011 731 3045 est
741 3000 810 3044 habi-

269 3085 305 3119 tus
322 3083 360 3117 aut
376 3071 483 3116 dulcior?
499 3092 509 3112 a

300 3153 322 3193 ὅ,
342 3142 429 3188 ΝοΙιιίι.
453 3146 488 3187 On
504 3143 530 3188 lit
551 3142 700 3204 qarelquclois
724 3142 811 3195 voluit,-

269 3215 327 3260 mais
346 3230 390 3257 uon
411 3228 440 3257 ne
462 3229 487 3257 se
505 3214 658 3259 anus—entend
680 3213 746 3274 apres
766 3229 809 3257 uon

269 3286 332 3329 arando
346 3300 392 3343 que
405 3283 423 3327 si
439 3284 460 3328 le
474 3287 553 3339 verbe,
569 3274 634 3329 ‹it'au't
644 3301 755 3330 commun
766 3301 811 3330 aux

268 3357 329 3400 deux
345 3355 460 3398 membr-cs
482 3354 512 3398 dc
530 3357 550 3399 la
566 3358 660 3415 phrase,
685 3367 720 3400 est
743 3355 810 3416 plaeir

267 3426 324 3470 dans
339 3425 361 3469 le
376 3426 474 3481 second3
495 3424 524 3470 cf.
541 3434 578 3481 lo,
605 3435 664 3479 ¹2⁰³:
684 3426 750 3472 Lael.
770 3433 809 3482 ul,

268 3503 296 3539 89
314 3514 318 3540 :
337 3515 348 3535 a
366 3494 510 3556 [assontatiol
526 3514 573 3541 non
586 3497 656 3542 modo
669 3498 754 3552 amieo,
770 3499 809 3543 sed

269 3584 297 3612 ne
314 3567 390 3611 libero
403 3566 501 3626 quidem
522 3566 591 3628 digna
618 3579 653 3613 cst
679 3589 699 3612 n.
725 3594 755 3602 -
778 3569 809 3614 lei

268 3639 336 3699 apres
350 3637 541 3698 uc...qut'dem...
564 3639 620 3696 dici,
643 3639 659 3683 il
679 3639 728 3685 faut
746 3655 810 3685 cous·

268 3709 383 3755 entendre
399 3708 471 3753 voluit
481 3710 521 3770 qui
537 3727 560 3755 sa
577 3711 622 3756 tire
636 3712 665 3756 da
677 3711 762 3759 noluit.

300 3789 321 3825 5.
341 3778 457 3831 Liberius,
471 3800 482 3820 a
496 3795 553 3825 arec
563 3797 601 3826 ecs
614 3782 710 3827 libertis
719 3783 810 3827 oratoi·

268 3869 303 3896 res
317 3871 338 3906 ιι,
354 3866 444 3897 comme
461 3851 496 3896 les
509 3851 651 3913 digressione
668 3869 711 3913 par
730 3869 809 3898 exem·

270 3925 317 3984 ple,
327 3924 377 3983 qui,
393 3921 498 3967 ecartant
513 3924 534 3968 le
544 3926 600 3985 juge
608 3925 638 3969 de
648 3926 670 3969 la
680 3942 747 3970 cause
756 3926 811 3970 elle-

269 3999 354 4044 memc.
376 3994 407 4039 lui
431 3995 481 4038 lant
499 3995 584 4054 perdre
603 3998 633 4042 de
653 4013 697 4041 voe
719 3997 740 4041 lc
762 3997 811 4041 vrai

270 4068 336 4126 point
347 4067 378 4110 du
391 4064 471 4110 debat.
487 4067 522 4113 Cf.
532 4085 574 4128 pro
586 4069 658 4113 Arelr.
674 4075 695 4131 ¹2,
712 4076 725 4113 ³
741 4087 745 4113 :
764 4088 774 4108 a
786 4079 810 4113 ut

270 4154 334 4186 me„
351 4137 474 4198 patiamini
484 4140 513 4182 ‹lo
528 4139 611 4184 studiis
621 4139 771 4185 humanitatis
785 4157 811 4184 ac

269 4209 400 4253 litterarum
415 4209 485 4267 pardo
494 4210 559 4270 loqui
568 4211 662 4257 liberius
675 4231 696 4255 υ.
713 4210 811 4256 Ciceron

269 4295 280 4321 a
299 4277 378 4337 essaye'e
393 4280 507 4337 plusieurs
523 4281 567 4326 lois
582 4297 642 4339 pour
662 4299 703 4326 son
719 4293 812 4341 compte

269 4350 297 4394 de
319 4347 377 4393 faire
401 4352 503 4408 prendre
525 4353 582 4397 ainsi
609 4354 631 4398 le
656 4353 744 4415 change
767 4370 811 4398 aare

267 4421 332 4480 juges
343 4418 399 4463 d'ua
413 4421 522 4466 tribunal.

301 4500 321 4536 ῦ.
341 4491 412 4536 llario
426 4493 533 4538 veritata's
546 4514 577 4536 =
589 4495 682 4541 rer-itas.
698 4497 810 4553 Rutilius,

269 4579 323 4608 arec
339 4579 378 4608 soa
404 4564 517 4609 austdrite'·
543 4567 726 4626 intranaigeantc
746 4578 770 4612 et
787 4585 810 4613 sa

868 2441 934 2476 varta
963 2430 1082 2488 larouche,
1113 2429 1221 2490 reppelle
1244 2428 1354 2474 t’xteeste
1382 2428 1410 2470 dr

867 2502 976 2548 Moliere.
994 2523 1005 2542 o
1024 2505 1054 2548 Et
1068 2501 1108 2562 qai
1123 2501 1273 2545 saulce-vous
1290 2500 1352 2543 donc
1372 2497 1410 2558 qui

867 2589 991 2633 pomroua
1004 2573 1118 2618 sollicite?
1134 2597 1165 2608 -
1182 2571 1229 2628 Qui
1244 2572 1270 2629 je
1289 2572 1366 2614 vcux?
1380 2573 1408 2614 La

867 2643 954 2697 raison,
970 2659 1024 2689 mon
1039 2645 1085 2689 boa
1098 2643 1170 2706 droit,
1183 2640 1292 2703 l'equite.
1305 2660 1317 2682 ιι

899 2721 952 2761 Μ.
970 2714 1101 2764 Paulam...
1113 2713 1226 2775 partiaco.
1240 2712 1355 2758 Locution
1364 2727 1409 2756 em-

867 2784 967 2846 prumea
998 2802 1027 2830 au
1055 2787 1152 2848 longage
1179 2785 1211 2829 du
1236 2783 1339 2828 theatro.
1367 2786 1410 2829 Sar

867 2858 954 2919 l'usage
966 2859 995 2903 do
1009 2869 1123 2918 partager
1139 2873 1184 2901 uno
1199 2865 1308 2900 came-et
1321 2855 1352 2900 de
1365 2854 1410 2898 dis-

867 2929 961 2974 tribuer
974 2930 1007 2974 les
1019 2932 1080 2974 rdles
1094 2939 1160 2974 entra
1174 2926 1289 2987 plusieurs
1306 2935 1408 2978 evocata,

867 3000 918 3044 roir
929 3002 981 3060 plns
993 3000 1048 3044 haut
1060 3006 1098 3056 48,
1114 3004 1169 3044 207.
1184 3024 1215 3034 -
1229 3000 1261 3042 La
1276 2996 1409 3042 retentiase·

866 3082 931 3116 ment
945 3071 975 3118 de
992 3087 1018 3116 ee
1033 3072 1117 3133 proces
1131 3069 1166 3116 lut
1179 3071 1212 3115 tel
1226 3085 1272 3129 que
1284 3067 1383 3114 Ciceros
1396 3084 1410 3111 a

865 3160 896 3205 pu
912 3143 963 3187 dire
974 3142 1031 3188 dana
1045 3143 1067 3188 le
1090 3146 1177 3188 Brutus
1194 3147 1233 3196 ³0,
1249 3147 1295 3185 tto
1312 3158 1316 3184 :
1334 3159 1346 3180 ι
1363 3154 1409 3199 quo

866 3214 953 3259 iudicio
976 3215 1110 3259 convulsam
1132 3213 1226 3274 penitus
1247 3211 1332 3256 scimus
1360 3226 1408 3254 esso

864 3302 913 3331 rem
928 3286 1047 3346 publicam
1064 3305 1085 3332 n.

895 3364 943 3402 8-9.
962 3360 991 3416 Q.
1007 3356 1101 3401 Mucius
1118 3354 1243 3416 (Pontifex
1260 3353 1407 3415 Maximu};

864 3426 894 3472 cl.
905 3435 943 3490 37,
960 3432 1014 3482 tto,
1024 3444 1046 3471 u.
1062 3436 1083 3472 5.
1098 3426 1116 3472 ll
1126 3427 1189 3470 avait
1199 3441 1229 3470 eu
1239 3424 1408 3485 Rutiliuspour

864 3499 927 3560 legat
943 3515 971 3543 an
984 3499 1037 3544 Asia
1052 3510 1076 3543 et
1090 3497 1186 3558 prouenit
1201 3496 1278 3541 mieax
1294 3513 1341 3558 quo
1356 3512 1408 3557 per-

864 3586 945 3624 sonne,
961 3572 1018 3615 dana
1032 3580 1098 3616 cette
1112 3569 1244 3614 accusation
1257 3568 1284 3613 de
1296 3579 1405 3630 repetun-

863 3642 909 3697 dis,
927 3653 1008 3701 purter
1024 3641 1174 3701 tcmoignage
1188 3642 1218 3686 de
1232 3641 1255 3685 ln
1272 3640 1350 3685 bonne
1363 3640 1405 3683 ad·

864 3713 1024 3758 ministration
1050 3715 1078 3758 de
1090 3713 1196 3758 l'accusc.

896 3792 919 3830 a.
936 3784 1009 3830 Nullo
1033 3793 1150 3845 apparatu
1167 3801 1196 3828 :a
1219 3799 1272 3828 sans
1285 3784 1407 3844 employer

865 3870 939 3898 arrcun
951 3855 980 3898 de
991 3869 1029 3897 cos
1045 3867 1143 3913 moyeas
1151 3852 1180 3897 de
1191 3851 1324 3908 seduction,
1333 3858 1406 3898 memo

865 3925 990 3986 legitimos,
1007 3940 1053 3985 que
1069 3924 1156 3968 lournit
1167 3921 1316 3985 l'e‘rloqueoce
1333 3944 1355 3971 υ.
1370 3924 1405 3969 Cf.

866 3999 930 4041 Brut.
951 4003 988 4049 ³0,
1007 4003 1049 4039 tto
1065 4013 1069 4040 :
1088 4014 1099 4036 s
1119 3994 1241 4039 enucleato
1256 3994 1298 4039 ille
1313 3994 1407 4056 quidem

865 4067 988 4128 capolim,
1004 4077 1028 4111 ut
1047 4067 1148 4120 solebat,
1163 4081 1313 4127 nequaquam
1330 4077 1407 4112 autem

864 4156 891 4183 ea
904 4140 926 4184 vi
941 4149 1014 4199 atque
1032 4137 1110 4198 copia,
1124 4152 1194 4198 quam
1211 4153 1285 4197 genus
1302 4136 1362 4183 illud
1375 4137 1408 4181 iu·

865 4211 921 4255 ‹licii
940 4221 964 4255 et
977 4209 1117 4271 magnitudo
1136 4224 1219 4254 causae
1238 4208 1407 4267 postulabatis.

899 4288 935 4326 ta.
947 4285 993 4326 Tuo
1009 4279 1098 4342 (more),
1115 4279 1267 4324 cust-adira
1283 4279 1407 4340 ingemere.

865 4353 1002 4408 inclamare,
1025 4351 1111 4412 dolere,
1133 4352 1210 4413 queri,
1232 4361 1279 4395 ete.
1302 4350 1363 4411 [noir
1379 4366 1408 4395 ua
1473 4348 1475 4357 ’

866 4442 912 4486 peu
927 4425 979 4485 plus
991 4423 1058 4484 loin).

900 4505 935 4542 tl.
955 4496 1080 4542 Scelerati.
1095 4497 1137 4540 Les
1158 4493 1288 4540 chevaliers
1296 4496 1406 4542 romaias.

865 4569 905 4631 qui
920 4568 1079 4629 compoaaicnt
1099 4571 1200 4614 hllome
1221 4566 1367 4612 le'taibuaal
1386 4579 1408 4611 et
