3292 5422
282 482 318 535 tta
590 509 593 521 ·
620 477 675 530 DE
703 476 925 542 ORATORE,
953 475 1036 530 LlB.
1060 475 1083 531 l.

282 636 352 679 nou
373 609 521 703 despero
538 608 613 676 lore
628 607 778 702 aliquem
802 605 1001 701 aliquando,
1025 606 1083 701 qui
1104 622 1138 676 et
1159 605 1273 675 studio
1292 607 1436 676 acriore

283 751 385 820 quam
415 750 478 793 nos
508 750 625 792 sumus
651 737 753 817 atque
779 721 918 807 luimus,
950 737 984 792 et
1009 723 1081 791 otio
1109 749 1149 791 ac
1180 722 1345 792 facultate
1375 722 1434 790 di-

216 903 219 908 .
284 841 402 911 scendi
422 839 551 909 maiore
567 865 606 907 ac
620 838 808 907 maturiore
822 852 856 907 ct
872 839 989 907 labore
1007 852 1111 931 atque
1131 837 1300 907 industria
1322 864 1432 934 supe-

286 958 388 1041 riore,
417 982 495 1025 eum
531 981 566 1024 sc
597 954 639 1023 ad
669 952 892 1038 audiendum,
924 952 1108 1050 legendum
1135 953 1431 1048 scribendumque

251 1072 430 1155 5dederit‚
459 1071 597 1141 exsistat
624 1070 698 1138 talis
726 1083 845 1138 orator
869 1070 1006 1163 qualem
1032 1069 1243 1163 quaerimus,
1267 1070 1328 1164 qui
1355 1070 1430 1138 iure

284 1214 354 1257 uon
378 1189 488 1256 solum
519 1187 677 1269 disertus,
711 1185 771 1254 sed
801 1184 903 1254 etiam
933 1185 1099 1279 eloquens
1125 1185 1193 1254 dici
1222 1186 1347 1280 possit3
1368 1185 1425 1279 qui

285 1318 399 1373 tamen
424 1328 498 1372 mea
519 1300 688 1371 sententia
708 1314 767 1369 aut
789 1299 845 1369 hie
872 1314 923 1369 est
947 1299 1011 1368 iam
1032 1303 1175 1369 Crassus
1199 1316 1269 1385 aut,
1295 1300 1323 1369 si
1351 1302 1426 1396 quis

285 1419 357 1512 pari
377 1417 481 1487 luerit
497 1417 637 1512 ingenio
659 1416 828 1510 pluraque
848 1441 952 1510 quam
971 1415 1027 1484 hic
1050 1430 1085 1486 et
1104 1416 1252 1486 audierit
1271 1432 1304 1486 et
1326 1417 1424 1485 lecti-

284 1534 364 1601 tarit
381 1547 416 1603 et
434 1532 625 1626 scripserit,
648 1532 788 1626 paulum
805 1531 887 1600 huic
900 1531 1030 1627 aliquid
1047 1533 1175 1626 poterit
1194 1532 1336 1602 addere.

232 1661 267 1716 10
334 1658 396 1732 [96]
418 1651 493 1716 Hoc
511 1648 588 1716 loco
607 1646 781 1741 Sulpicius
800 1675 807 1714 :
827 1647 1034 1741 Insperanti‚
1054 1647 1178 1742 inquit,
1194 1646 1278 1715 mihi
1294 1663 1329 1717 et
1344 1651 1422 1717 Cot-

285 1778 352 1851 tae,
371 1763 430 1832 sed
450 1763 549 1833 valde
567 1763 699 1858 optanti
721 1763 860 1857 utrique
878 1778 1034 1831 nostrum
1055 1763 1194 1852 cecidit,
1217 1779 1256 1833 ut
1270 1764 1306 1831 in
1324 1763 1420 1832 istum

284 1904 492 1966 sermonem,
516 1882 649 1962 Crasse,
668 1877 928 1947 delaberemini.
952 1879 1060 1947 Nobis
1081 1878 1172 1948 enim
1192 1879 1261 1949 huc
1281 1880 1421 1949 venien·

284 1995 374 2063 tibus
393 1994 473 2063 satis
494 1993 683 2062 iucundum
708 1993 783 2062 lore
806 1992 1001 2081 videbatur,
1020 1994 1061 2082 si,
1082 2020 1159 2062 cum
1181 2020 1242 2064 vos
1261 1995 1304 2065 de
1323 1997 1421 2065 rebus

282 2109 356 2177 aliis
381 2109 624 2203 loqueremini,
653 2123 768 2178 tamen
801 2134 864 2178 uos
888 2108 1018 2203 aliquid
1049 2135 1090 2179 ex
1117 2135 1278 2180 sermone
1311 2127 1420 2181 vestro

232 2252 265 2309 15
283 2224 448 2293 memoria
473 2222 617 2318 dignum
643 2223 803 2318 excipere
831 2249 1026 2319 possemus3
1054 2240 1090 2294 ut
1118 2251 1200 2296 vero
1226 2226 1364 2320 penitus
1389 2226 1421 2295 in

282 2364 357 2409 eam
376 2338 482 2433 ipsam
500 2338 605 2408 totius
623 2337 725 2407 huius
747 2341 802 2407 vel
820 2338 923 2408 studii
942 2339 996 2408 vel
1021 2340 1156 2408 artificii
1178 2342 1232 2410 vel
1254 2341 1421 2412 facultatis

310 2589 359 2635 ΝΒ.
378 2595 399 2634 t.
413 2585 535 2633 necll¹E¹.
549 2613 580 2622 —
593 2594 614 2633 ⁰.
637 2588 732 2640 liuich;
755 2587 797 2630 leuc
817 2590 841 2632 M
861 2589 918 2648 Lag.
936 2594 999 2632 :tt-a.
1020 2588 1082 2632 Huic
1094 2598 1130 2633 est
1150 2588 1297 2650 preferable;
1315 2603 1381 2638 toute
1401 2594 1420 2638 la

280 2661 364 2720 phrase
387 2662 442 2705 tend
458 2663 587 2720 hopposer
605 2658 627 2702 la
639 2674 753 2720 personne
770 2656 802 2702 dn
821 2677 831 2697 u
851 2658 903 2718 plus
918 2658 992 2719 grand
1007 2679 1017 2700 n
1037 2670 1133 2706 orateur
1146 2661 1212 2706 futur
1227 2662 1309 2721 predit
1325 2679 1368 2724 par
1380 2668 1421 2709 Aa·

280 2731 344 2776 toinc
364 2735 376 2774 a
393 2731 416 2775 la
430 2746 544 2791 personne
559 2730 590 2773 du
612 2729 686 2790 grand
707 2738 803 2774 orateur
816 2729 901 2774 actuel.
919 2755 950 2764 -
970 2738 1005 2775 tu.
1020 2731 1097 2792 lnquit
1112 2732 1171 2776 asilii
1184 2743 1206 2777 et
1221 2736 1303 2778 Cottae
1316 2737 1355 2792 Μ;
1368 2734 1423 2781 ruiti

280 2800 356 2863 iuquit
371 2806 481 2848 etCottne
492 2803 517 2847 L.
531 2827 562 2836 -
579 2807 616 2846 ta.
633 2799 692 2845 satis
710 2799 833 2844 iterandum
848 2801 887 2856 M;
904 2799 1026 2845 iuemadam
1041 2803 1101 2847 satis
1116 2804 1143 2848 L.

311 3003 332 3040 3.
353 2999 443 3042 Maiore
463 3014 492 3041 ac
519 2996 651 3042 ututuriore.
675 2996 824 3042 Allite'ration

280 3067 320 3127 (cl.
335 3068 349 3128 ἓ
363 3068 410 3127 Μ).
423 3071 454 3113 Le
469 3068 571 3126 premier
589 3084 612 3112 se
625 3077 736 3128 rapporte
747 3069 758 3110 'a
769 3067 823 3122 otio,

279 3140 301 3183 lc
313 3139 398 3183 second
410 3141 422 3182 a
432 3139 566 3199 facultate,

311 3215 333 3251 t.
349 3208 386 3253 At
409 3208 561 3252 scribendum.
588 3210 634 3252 Sur
663 3208 756 3254 l'ntilite
783 3210 824 3253 des

280 3279 397 3322 exerciees
416 3276 485 3322 ecrite
505 3293 566 3337 pour
588 3279 708 3342 locatam,
732 3279 763 3325 cl.
784 3288 823 3342 ³³,

282 3356 338 3402 tam
351 3356 389 3405 oo,
401 3354 460 3401 aem
472 3350 515 3402 ltt,
526 3355 565 3399 ta,
578 3355 630 3394 tao¹
641 3351 773 3395 -sedarc
783 3353 822 3396 ad,

280 3419 316 3464 Cl.
333 3417 362 3462 de
376 3421 430 3463 Nat.
446 3419 506 3463 deor.
527 3421 544 3470 l.
561 3425 609 3471 t‚9
626 3437 631 3464 :
647 3439 657 3460 α
674 3422 693 3465 si
708 3437 775 3469 nac...
794 3423 823 3467 ad

280 3499 353 3533 totam
375 3488 549 3548 philosophiam
571 3493 762 3549 pertractandam
779 3494 821 3537 dc·

280 3559 368 3604 dissem
384 3579 406 3603 n.

312 3637 359 3676 Μ.
375 3630 423 3690 Qui
430 3639 515 3679 tamen.
523 3631 559 3678 Cl.
570 3638 608 3684 Μ,
619 3639 671 3677 taa.
681 3658 713 3668 —
722 3636 774 3681 ttic.
785 3635 821 3682 Cl.

280 3709 302 3755 a,
319 3708 362 3757 οὓς
376 3706 414 3763 tt,
427 3708 470 3755 σῆς
486 3709 525 3757 aa,
543 3709 594 3747 aas.

310 3780 333 3820 a.
347 3772 449 3817 Paulum
465 3771 518 3817 huic
533 3772 632 3835 aliquid.
650 3773 667 3819 ll
679 3779 790 3821 restcraia
807 3795 822 3838 y

279 3844 371 3903 ajouter
384 3860 413 3888 ua
421 3859 477 3904 peu,
493 3845 552 3888 mais
568 3860 595 3889 ce
603 3861 650 3905 peu
662 3860 714 3891 scra
725 3849 822 3910 quelque

276 3915 342 3959 chose
354 3914 472 3977 (aliquid),
484 3915 630 3961 euna-dire
638 3917 742 3978 quelque
752 3920 821 3965 chose

278 4001 362 4030 encore
379 3985 540 4046 d'important.
558 3986 658 4033 Ciceron
676 3988 735 4033 n'est
749 3991 820 4049 qu'un

277 4059 372 4101 Crassus
382 4056 435 4114 plus
444 4058 559 4117 complet,
569 4058 623 4103 soit.
633 4061 696 4104 tout
705 4059 734 4104 de
745 4062 820 4106 rne'mc

273 4124 290 4169 it
301 4135 354 4169 vent
364 4125 421 4171 laire
434 4127 547 4172 entendre
560 4144 605 4189 que
616 4129 636 4172 la
647 4128 728 4175 lucane
739 4130 819 4176 acom-

276 4195 327 4239 bler
346 4195 427 4240 n'e'tait
451 4213 492 4256 pas
516 4198 665 4260 negligcable
685 4209 709 4245 et
728 4217 783 4260 que.
801 4202 820 4246 si

276 4270 370 4310 Crassus
387 4266 450 4310 vient
469 4268 671 4314 immediatcment
689 4271 757 4330 apres
776 4273 817 4332 lui,

275 4332 296 4375 la
311 4333 414 4377 distance
427 4345 489 4379 reste
502 4338 590 4395 grande
603 4348 668 4384 entre
682 4340 704 4383 lc
715 4343 819 4400 premier

274 4413 298 4447 ct
310 4404 331 4447 le
342 4405 427 4448 second
437 4421 441 4447 :
450 4406 569 4464 proximus
576 4408 743 4472 (Crassaqscd
749 4413 818 4473 longo

274 4473 405 4518 inea-valta.

303 4546 435 4605 §gut-tw.
449 4547 599 4594 't'saassrroa
609 4563 640 4594 m:
652 4566 680 4595 aa
693 4556 815 4600 canusima

880 3011 971 3044 ranam
993 3014 1007 3044 a
1029 3015 1059 3045 na
1076 3015 1194 3047 sceoanc.
1214 3003 1373 3050 Interreation
1394 3005 1421 3049 dc

880 3068 998 3128 Sulpicius
1012 3081 1038 3115 et
1054 3071 1084 3117 dc
1098 3074 1175 3118 Cotta.

913 3141 1102 3201 t0,1mperauti.
1121 3145 1165 3188 Sur
1179 3147 1204 3186 t'n
1217 3143 1317 3204 privatis
1330 3161 1384 3192 arce
1396 3161 1423 3190 un

879 3211 1006 3272 participe,
1022 3211 1052 3259 cl.
1073 3220 1111 3274 tt,
1126 3220 1163 3262 ta.

913 3282 1127 3328 tattctaberemint
1135 3285 1246 3332 muntinuc
1255 3289 1276 3333 lu
1287 3287 1423 3350 metaphora

878 3355 1026 3399 commcncce
1035 3370 1087 3400 avec
1097 3357 1188 3401 cecidit.
1197 3384 1228 3392 -
1237 3362 1324 3415 Istum,
1333 3363 1424 3420 cesujct

879 3439 925 3483 que
947 3441 1000 3470 roua
1018 3441 1073 3470 area
1092 3427 1190 3484 absrde,
1211 3430 1313 3477 Antoine
1335 3443 1359 3477 et
1382 3432 1423 3480 toi.

879 3496 982 3544 Crassus.

912 3567 1075 3628 th.Exeipere,
1084 3568 1186 3615 saisina
1196 3571 1344 3634 passagecl.
1356 3575 1421 3620 omes

879 3643 917 3688 58,
937 3643 979 3682 tat
1001 3656 1006 3682 ε
1024 3659 1035 3680 u
1057 3656 1132 3700 eaque
1148 3640 1228 3703 (verba
1246 3653 1270 3688 et
1285 3645 1422 3705 sententias)

877 3707 931 3752 dum
940 3707 1021 3755 animis
1033 3712 1128 3757 attentis
1138 3713 1282 3759 admirantes
1292 3715 1420 3774 excipiunt.

878 3779 939 3840 fugit
951 3795 991 3824 cos
1006 3792 1030 3826 et
1041 3785 1201 3842 praetervolat
1213 3801 1324 3831 numeras
1339 3806 1359 3830 ι.

911 3856 947 3894 th.
975 3850 1052 3895 Huius
1071 3850 1107 3896 vel
1124 3853 1200 3898 studii
1219 3855 1256 3899 rel
1272 3855 1373 3918 artificii
1390 3856 1424 3900 rel

877 3920 1009 3970 facultatis.
1026 3921 1183 3983 L'e'loqucnce
1199 3927 1296 3972 est-elle
1311 3927 1334 3972 le
1347 3927 1420 3972 resut-

877 4000 912 4035 tat
924 3991 954 4036 de
967 3992 987 4035 la
1000 3994 1121 4054 patique,
1134 3996 1165 4041 dn
1176 3996 1253 4042 sastsir
1262 4014 1293 4043 on
1304 3999 1336 4044 du
1347 3999 1420 4046 ualent

876 4061 970 4106 naturel
982 4062 1048 4121 (e'est
1059 4074 1110 4109 tout
1122 4065 1202 4126 l'ohjet
1213 4069 1245 4113 dn
1256 4069 1285 4113 de
1297 4068 1420 4130 Oratorel?

876 4133 990 4186 Question
1003 4149 1049 4178 non
1065 4150 1151 4181 encore
1165 4135 1334 4184 auffisamment
1353 4139 1419 4184 meo-

876 4203 913 4246 lne
931 4219 976 4248 aua
994 4221 1054 4263 yeux
1071 4207 1101 4251 de
1117 4206 1234 4268 Sulpicius
1248 4207 1335 4272 [Veh.
1355 4209 1417 4254 vet...

875 4273 912 4317 rel
928 4273 1026 4335 indique
1040 4276 1141 4337 (comme
1157 4285 1178 4331 t,
1194 4277 1217 4336 3)
1234 4281 1367 4341 qu'aueune
1379 4282 1419 4325 des

874 4345 1027 4390 alternativcs
1047 4347 1148 4392 n’erelut
1167 4349 1367 4396 neeessairement
1387 4351 1419 4395 les

873 4423 964 4470 autres3
975 4432 1005 4460 on
1017 4428 1074 4476 peut
1085 4419 1168 4464 choisir
1180 4420 1272 4467 celle-ei
1286 4437 1316 4466 ou
1328 4421 1417 4467 celle-la

873 4501 903 4529 nu
919 4495 1028 4546 aceepter
1044 4487 1076 4532 les
1093 4490 1150 4534 trois
1168 4490 1184 4534 ἁ
1202 4490 1311 4555 volontil.
1327 4517 1358 4528 -
1375 4496 1418 4538 Sur

872 4571 910 4600 ces
935 4557 1070 4603 conditione
1095 4560 1124 4604 de
1151 4560 1308 4622 l'eloquencc‚
1337 4563 1369 4611 cl'.
1397 4563 1418 4607 le
