3292 5422
472 478 562 532 Cnt‘.
594 478 878 531 ttvttt-xttx'.
908 479 943 551 23
970 478 1138 531 tut-21²2.

1323 479 1375 532 ttl

240 626 273 677 rt
305 613 344 677 (51.
371 610 523 679 Laelium
547 625 580 678 et
606 608 869 677 innumerabiles
898 609 980 675 ulios
1006 634 1083 676 curn
1118 635 1157 678 ex
1185 626 1300 679 nostra
1326 610 1378 678 ci-

241 726 344 792 vitate
363 739 435 792 tum
451 750 491 794 ex
510 724 645 794 ceteris.
673 735 752 807 [212]
772 724 830 792 Sin
849 739 961 793 nutem
983 741 1208 818 quaereretur
1223 727 1377 820 quisnam

243 840 324 908 iuris
345 842 521 909 consultus
540 865 619 909 vere
640 840 890 922 nominaretur,
914 864 992 908 eum
1013 840 1164 909 dicerem
1185 843 1242 936 qui
1265 842 1377 936 legum

242 972 276 1025 et
290 956 549 1025 consuetudinis
570 957 656 1041 eius,
683 982 749 1050 qua
776 956 897 1049 privati
919 956 953 1023 in
976 957 1112 1026 civitate
1133 973 1327 1048 uterentur,
1348 975 1381 1028 et

241 1071 283 1139 ad
313 1071 593 1167 respondendum
619 1087 653 1142 et
678 1071 721 1140 ad
757 1071 928 1167 agendum
967 1086 1001 1140 et
1028 1071 1070 1140 ad
1097 1074 1288 1142 cavendum
1318 1096 1413 1170 pe-5

242 1188 326 1256 ritus
342 1204 441 1272 esset,
463 1204 497 1258 et
523 1213 563 1258 ex
592 1213 634 1258 eo
654 1213 782 1283 genere
799 1191 876 1257 Sex.
901 1189 1048 1273 Aelium,
1067 1189 1313 1272 M'lllanilium‚
1338 1194 1376 1260 P.

243 1304 397 1371 Mucium
411 1303 638 1373 nominarem.
655 1306 780 1372 XLIX.
799 1307 922 1397 Atque,
940 1318 976 1372 ut
988 1304 1052 1372 iam
1065 1305 1107 1373 ad
1120 1305 1246 1375 leviora
1258 1306 1381 1375 artium

242 1419 352 1488 studio
369 1420 516 1504 veniam,
536 1420 561 1487 si
576 1419 738 1503 musicus,
755 1419 781 1487 si
801 1420 1055 1514 grammaticum
1075 1421 1101 1488 si
1120 1434 1219 1515 porta
1240 1447 1381 1518 quaera-

273 1651 322 1696 ΝΟ.
336 1658 357 1696 t.
371 1660 395 1695 et
408 1651 525 1712 agendum
541 1653 559 1696 L
571 1651 589 1695 Ι.

240 1876 273 1920 Le
298 1874 385 1919 second
411 1873 525 1930 Airieein,
550 1873 643 1936 Scipion
669 1873 783 1927 Emilien,

240 1959 329 1989 comme
344 1944 458 2006 l'indique
478 1945 501 1990 le
517 1945 712 2005 rupproehement
729 1961 784 1989 eree

239 2015 329 2061 trtius.
348 2016 404 2061 Bien
424 2016 481 2076 qu'il
503 2032 527 2060 se
547 2017 593 2061 soit
611 2015 703 2061 illusus
725 2015 784 2061 aussi

238 2086 314 2146 puris
330 2086 395 2147 prise
409 2088 439 2132 de
454 2088 568 2148 Curtlinge
582 2098 606 2132 et
619 2087 681 2132 eelle
692 2087 723 2133 de
734 2090 784 2133 Nu·

240 2173 322 2203 manee
335 2156 456 2221 (geminos,
471 2159 518 2202 duo
526 2158 633 2220 j'ulminu
649 2158 716 2221 betti,
731 2159 785 2202 Sci-

236 2229 333 2293 pr'adas,
345 2233 384 2276 En.
396 2233 439 2286 vl,
453 2230 516 2294 842),
527 2232 582 2276 e'est
592 2247 681 2277 comme
691 2231 784 2277 homme

240 2291 321 2346 d’lltnt
334 2301 462 2348 seulement
480 2302 538 2362 qn'il
559 2311 595 2347 est
611 2302 735 2348 eonsiddre
754 2301 785 2347 ici

239 2371 330 2434 (espect
341 2388 395 2418 sous
411 2374 491 2434 lequel
508 2389 539 2419 on
552 2389 582 2419 ne
599 2374 697 2434 pouvsit
714 2373 785 2435 gu'ere

241 2443 361 2504 enrissger
370 2443 514 2504 l'Asrr'eursus
523 2445 616 2509 maior).
626 2449 671 2490 Sur
680 2460 722 2490 son
734 2444 786 2490 rdls

240 2514 297 2559 dens
308 2515 328 2559 la
336 2514 392 2569 cite.
403 2515 454 2560 voir
464 2518 604 2578 Mommsen,
613 2516 673 2560 trud.
682 2515 787 2562 Alexar-

241 2586 289 2649 dre,
303 2586 333 2640 V,
348 2602 373 2646 p.
390 2593 463 2633 utet
477 2598 501 2632 et
515 2605 540 2647 p.
557 2594 594 2635 47.
609 2586 705 2648 Scipion
719 2586 784 2631 Emi-

241 2656 287 2701 lien
303 2668 338 2702 est
351 2658 521 2704 certainement
535 2658 555 2703 ln
567 2659 639 2720 figure
654 2672 700 2719 que
715 2657 784 2704 Cice-

242 2743 285 2772 ron
306 2729 395 2774 adrnire
414 2730 436 2773 le
454 2729 506 2789 plus
527 2741 595 2776 entre
617 2739 693 2776 tontes
714 2729 785 2773 celles

242 2799 272 2842 de
291 2799 403 2846 l'bisteire
429 2802 553 2847 romsine:
573 2802 647 2865 gloire
661 2800 783 2862 militene,

241 2872 332 2932 grande
352 2871 465 2918 situation
481 2872 608 2933 potitique,
622 2877 680 2934 gout
692 2873 733 2917 des
744 2872 785 2917 let·

240 2952 299 3004 tres,
311 2942 363 2986 rien
373 2958 402 2988 ne
414 2944 447 2988 lui
457 2960 469 2988 ι
481 2943 588 3005 menqur'r.
690 2935 697 2947 ’

272 3020 294 3058 t.
309 3015 336 3058 C.
357 3013 471 3060 Laelium.
494 3014 576 3060 notius
598 3014 698 3075 Sapiens
719 3013 742 3076 (¹1
762 3014 784 3058 ta

240 3083 285 3130 lois
297 3100 352 3148 sege
365 3095 391 3130 et
403 3087 502 3148 serent),
513 3086 610 3147 preteur
624 3102 655 3131 en
666 3091 717 3148 tlt,
729 3100 785 3130 eon·

240 3157 275 3200 sul
289 3170 318 3200 en
330 3162 383 3218 lto,
399 3158 419 3201 le
432 3173 580 3219 compagnon
595 3157 742 3217 inseperable
754 3156 784 3201 de

240 3226 337 3287 Scipion
353 3227 463 3289 Emitien,
484 3228 579 3274 brillunt
599 3229 739 3273 su-dessons
755 3229 784 3272 de

240 3313 282 3342 son
298 3299 436 3358 grandensi,
448 3299 507 3343 celui
524 3299 636 3345 toutefois
647 3299 706 3343 dont
717 3297 785 3344 Cici-

240 3385 285 3414 ron
299 3369 387 3415 enrieit
400 3369 421 3414 le
432 3370 545 3415 destins're.
557 3369 656 3416 Cier'eron
666 3370 748 3415 sentuit
758 3386 784 3415 ee

240 3439 282 3499 qni
300 3439 332 3484 lui
344 3441 463 3500 manueit
480 3457 540 3500 pour
556 3443 607 3486 etre
620 3456 651 3486 un
668 3461 679 3482 u
693 3441 783 3489 Second

241 3509 344 3557 ttrieain
365 3528 391 3565 ις
410 3512 424 3555 il
444 3511 517 3556 eureit
540 3513 618 3567 roulu,
632 3510 648 3555 il
666 3511 740 3557 sursit
753 3529 784 3572 pu

242 3581 301 3627 inire
312 3598 342 3626 un
354 3582 443 3628 Lrelius.

273 3660 296 3698 4.
315 3655 446 3701 [iterentur.
459 3657 503 3698 Sur
512 3664 550 3700 eet
562 3654 681 3715 imperiuit
691 3656 721 3699 dn
731 3657 784 3701 sub·

239 3724 332 3787 junctis,
345 3723 374 3770 εἰ.
391 3731 430 3778 tl,
452 3732 493 3770 rso
506 3743 510 3769 :
523 3726 653 3771 truderetur.

274 3803 295 3842 5.
313 3796 509 3855 Respondersdum,
519 3797 643 3857 agendum,
652 3797 784 3853 carendum,

241 3867 274 3911 les
302 3868 360 3912 trois
387 3868 504 3912 fonctions
530 3871 561 3913 du
584 3869 750 3928 jurisconsulto
779 3886 784 3913 ε

241 3946 265 3982 t⁰
280 3939 371 3984 donner
387 3955 429 3985 son
451 3939 551 4000 opinion
565 3957 604 3985 sur
616 3941 648 3986 les
664 3940 743 4001 points
755 3942 785 3987 de

241 4010 303 4057 droit
320 4009 379 4055 'alui
399 4012 496 4071 soumis,
515 4012 682 4057 consultations
698 4013 784 4073 juridi-

241 4097 311 4142 qnes;
326 4088 350 4125 2⁰
372 4083 485 4128 eondnire
502 4100 532 4127 ou
551 4083 642 4144 diriget
660 4085 682 4129 le
702 4085 785 4146 procis

239 4151 297 4213 (non
305 4168 348 4213 pas
360 4154 383 4199 le
398 4154 510 4216 pleider);
525 4154 672 4215 siastiques
688 4156 721 4200 les
741 4153 786 4200 lor·

241 4223 315 4268 mules
334 4223 423 4286 legales
442 4224 455 4269 ir
477 4226 609 4285 emptores,
630 4226 662 4270 les
681 4225 786 4285 piieesis

241 4292 362 4356 produire,
380 4304 460 4340 tontes
473 4295 506 4340 les
521 4296 694 4355 precautinnsis
712 4313 785 4356 preu-

242 4365 292 4418 dre,
308 4365 327 4410 si
344 4365 390 4410 t'on
401 4375 455 4411 rent
465 4383 553 4428 guguer
565 4383 588 4410 sn
604 4383 681 4414 enuse.
695 4368 784 4412 Ernesti

241 4435 282 4496 qui
299 4451 402 4498 propose
417 4439 447 4482 de
462 4448 548 4483 mettre
568 4438 711 4483 scribendum
732 4441 743 4483 ἰ
763 4439 784 4483 le

240 4506 308 4566 plnee
324 4508 353 4553 de
371 4510 485 4569 agendum
504 4509 605 4572 (d'nprds
619 4526 662 4571 pro
680 4511 744 4555 Mur.
761 4517 783 4564 9,

242 4584 290 4623 se:
314 4598 325 4620 ιι
343 4579 402 4624 hene
424 4582 536 4626 urbanum
559 4581 666 4624 militiam
686 4596 783 4641 respon-

837 1873 917 1935 denrli,
930 1873 1057 1929 scribendi,
1070 1875 1163 1920 cavendi
1174 1876 1208 1937 ι),
1221 1877 1258 1921 n's
1269 1894 1310 1939 pes
1322 1894 1350 1922 ru
1361 1878 1383 1923 le

838 1960 890 1989 sens
900 1954 964 1990 exuet
976 1947 1006 1990 ds
1017 1961 1094 2006 agere.
1109 1945 1146 1992 Cf.
1157 1959 1195 1994 eet
1206 1957 1273 1993 entre
1285 1965 1383 2011 pessege

838 2016 870 2061 du
881 2031 925 2076 pro
933 2017 997 2064 Mur.
1009 2023 1031 2080 ⁹,
1046 2024 1074 2062 22
1089 2034 1094 2061 ε
1108 2036 1119 2060 u
1133 2017 1214 2080 uigiles
1227 2031 1251 2065 tu
1265 2021 1294 2066 de
1304 2031 1382 2076 noete,

839 2096 864 2133 ut
876 2087 921 2132 tuis
931 2088 1101 2135 consultoribus
1109 2091 1291 2149 respondeam...
1305 2101 1330 2136 tn
1341 2107 1383 2136 uc·

839 2158 921 2203 tionem
936 2159 1078 2216 instituis,...
1094 2171 1120 2206 tu
1129 2177 1196 2208 eures
1211 2178 1241 2208 ne
1251 2163 1285 2209 tui
1294 2163 1384 2208 eonsul-

838 2239 929 2276 tores...
943 2231 1064 2290 sepiuntur
1082 2253 1102 2278 ι.

871 2308 923 2346 t-7.
942 2306 998 2348 Sex.
1022 2304 1179 2352 Aetiumct.
1205 2313 1244 2368 to,
1273 2312 1325 2350 198.
1353 2331 1384 2340 -

839 2372 1013 2418 N'Marrilr'um.
1027 2375 1064 2421 Cl.
1078 2381 1118 2434 4³,
1137 2381 1192 2433 m,
1204 2377 1224 2421 ln
1232 2387 1288 2422 note
1298 2392 1314 2421 a
1325 2377 1383 2438 plu-

839 2443 912 2488 ribus.
929 2469 957 2479 -
976 2447 1005 2490 1³.
1026 2445 1138 2493 Mucium.
1158 2446 1194 2493 Cf.
1216 2448 1273 2493 ittet.
1297 2458 1321 2493 et
1344 2454 1382 2511 st,

842 2521 893 2561 ldd.

871 2592 918 2632 7·8.
937 2588 1032 2633 Leviora
1046 2593 1131 2633 arttum
1143 2590 1231 2633 studia.
1251 2589 1289 2638 Cl.
1308 2596 1331 2644 Ξ,
1347 2598 1359 2636 t
1376 2608 1382 2635 s

840 2676 851 2698 ι
868 2655 1022 2701 mediocrium
1034 2658 1120 2702 artium
1134 2676 1159 2713 ις
1173 2661 1241 2704 Brut.
1257 2666 1278 2715 t,
1294 2667 1324 2705 ³:
1342 2661 1384 2706 usi

840 2729 863 2772 iu
875 2727 989 2773 leviorum
1002 2728 1085 2774 nutum
1099 2729 1177 2774 studio
1191 2731 1317 2775 memorius
1330 2747 1384 2790 pro·

839 2801 913 2845 ditum
925 2810 959 2845 est
970 2805 1052 2860 poitur
1064 2801 1152 2847 nobiles
1164 2808 1286 2863 poetarum
1299 2819 1384 2864 reque·

840 2871 895 2916 lium
910 2881 982 2916 morte
999 2871 1106 2917 doluisse.
1127 2891 1138 2914 ι
1158 2874 1248 2926 Pueris,
1267 2875 1382 2938 musique,

839 2953 891 2988 tous
912 2943 945 2988 les
967 2953 1013 2987 aru
1029 2959 1059 2988 eu
1079 2943 1185 3007 genirnl,
1207 2961 1268 3004 pour
1287 2961 1318 2989 un
1336 2946 1383 2990 vrsi

839 3013 939 3059 Romaiu
959 3013 997 3074 qui
1017 3029 1045 3059 ne
1065 3015 1195 3074 eompreud
1213 3031 1244 3060 ou
1263 3026 1316 3060 veut
1336 3032 1383 3077 pn·

840 3086 912 3130 raltre
931 3100 960 3129 ne
978 3086 1134 3144 eompreudre
1155 3101 1201 3146 que
1225 3085 1307 3139 rutile,
1330 3087 1384 3132 e'est

838 3157 909 3200 chose
930 3171 983 3200 suns
1005 3156 1149 3215 importante
1171 3165 1195 3201 et
1217 3157 1382 3217 meprissble:

838 3227 870 3271 ud
886 3236 987 3271 nostram
998 3227 1183 3273 consuetudinem
1194 3227 1253 3272 terta
1270 3238 1293 3273 et
1307 3229 1384 3289 potius

838 3299 1002 3343 contemnendas
1018 3297 1098 3360 (Corn.
1111 3302 1170 3360 Nep.
1175 3337 1181 3362 ‚
1195 3300 1304 3362 Epamirs.
1314 3307 1337 3356 2,
1348 3301 1383 3359 s).

839 3394 869 3405 —
891 3372 954 3415 Ponr
972 3369 1121 3431 l‘hypulluge,
1138 3372 1169 3418 ef.
1194 3376 1217 3425 3,
1235 3379 1280 3416 tt:
1304 3372 1385 3417 tarum

838 3439 925 3485 artium
940 3440 1112 3486 liberalissimis
1120 3443 1212 3487 studiis.

870 3519 893 3560 s.
926 3516 955 3558 St
980 3522 1049 3573 poeta
1071 3524 1203 3574 quaeratur.
1237 3517 1384 3575 Aupsruvsnt

837 3583 874 3651 (ἐξ
888 3590 933 3628 tto
947 3594 970 3629 et
981 3582 1035 3645 ute)
1045 3600 1075 3628 on
1088 3585 1151 3629 nvait
1161 3591 1213 3635 st...
1225 3596 1383 3646 quaereretur.

838 3657 869 3700 lm
881 3653 1006 3700 differente
1014 3657 1056 3699 des
1068 3655 1126 3699 deux
1140 3658 1312 3701 construetione
1321 3657 1385 3701 vient

838 3726 868 3769 de
887 3742 913 3770 ee
923 3743 969 3787 que
985 3726 1041 3770 dens
1052 3725 1074 3771 le
1086 3727 1188 3785 premier
1197 3744 1233 3770 cns
1244 3729 1263 3772 le
1273 3727 1384 3787 supposi-

839 3796 888 3841 tion
900 3812 923 3841 se
939 3806 1049 3856 rapporte
1064 3796 1220 3856 represent:
1237 3819 1247 3838 u
1263 3799 1281 3841 si
1293 3797 1384 3841 uetust-

840 3867 924 3912 lcmerst
948 3867 994 3912 l’on
1016 3868 1152 3912 demandati
1173 3888 1184 3908 ιι
1205 3867 1270 3930 (d’oir
1300 3867 1385 3913 l'irrs'eel

839 3938 995 4000 quaereretur)
1015 3948 1039 3983 et
1064 3955 1109 4000 que
1127 3939 1185 3982 dens
1205 3939 1227 3983 le
1247 3940 1332 3983 second
1344 3940 1386 3984 elle

840 4025 865 4054 se
884 4020 996 4070 rapporte
1015 4009 1027 4054 'a
1043 4010 1159 4054 l'erenir:
1182 4029 1193 4050 u
1209 4010 1228 4054 si
1248 4010 1294 4054 l'on
1310 4010 1386 4054 renuit

842 4082 998 4126 isdemunder
1013 4103 1024 4122 ιι
1047 4082 1112 4144 (d'uir
1138 4085 1159 4126 lo
1181 4081 1295 4142 potentiel
1316 4099 1387 4143 quus·

840 4152 928 4214 rutur).
943 4155 970 4197 V.
989 4152 1112 4204 Riemann.
1125 4157 1193 4213 Syru.
1207 4153 1221 4214 g
1237 4160 1276 4197 tol
1295 4164 1319 4199 et
1333 4162 1385 4216 teu,

839 4243 864 4286 p.
877 4232 921 4269 sss
932 4236 955 4269 ιι
971 4231 1029 4278 ‘²⁶⁵3
1044 4225 1057 4284 ξ
1070 4232 1114 4270 nos
1129 4225 1173 4278 tis,
1188 4241 1213 4285 p.
1227 4231 1338 4274 stesso.
1356 4252 1387 4261 -

842 4298 860 4340 ΙΙ
874 4296 922 4341 lsrrt
939 4299 1096 4357 reconnnttre,
1114 4296 1240 4352 d'uilleurs,
1258 4313 1315 4358 que,
1330 4299 1386 4342 dans

840 4375 874 4418 tes
888 4383 927 4411 ens
941 4382 971 4412 en
985 4367 1103 4427 question.
1116 4366 1132 4411 il
1144 4368 1272 4427 ‹le'pendsit
1290 4369 1386 4413 alisolu-

840 4449 904 4483 ment
920 4439 949 4482 de
967 4439 987 4482 lu
1003 4437 1096 4483 voluntis
1111 4439 1141 4483 de
1156 4439 1274 4484 l'ierivuin
1290 4441 1320 4484 de
1331 4457 1386 4484 eon·

839 4508 929 4555 sidietur
940 4512 960 4555 Ιι
974 4510 1091 4555 condition
1103 4526 1195 4555 comme
1210 4527 1234 4554 se
1249 4522 1384 4571 rapportent

840 4600 867 4626 un
883 4583 977 4642 present
992 4583 1045 4626 oul
1061 4582 1165 4626 l'rrenir.
