3226 5904
508 879 596 932 Cdl‘.
628 878 792 932 tlh-li.
820 874 855 956 ⁶2}
884 879 1048 932 att-att.

1297 877 1351 930 173

218 1009 432 1076 exornabant.
446 1011 487 1076 L.
507 1011 627 1103 Neque
648 1010 739 1078 enim
751 1025 801 1079 est
811 1009 1031 1079 interdictum
1048 1023 1105 1076 aut
1125 1033 1143 1075 a
1162 1032 1276 1077 rerum
1288 1032 1352 1074 na·

221 1137 286 1191 tura
304 1137 361 1191 aut
379 1125 484 1218 alege
499 1123 612 1218 aliqua
632 1139 734 1218 atque
746 1151 855 1215 more,
870 1139 906 1193 ut
927 1124 1069 1219 singulis
1089 1123 1288 1191 hominibus
1307 1148 1351 1192 ne

222 1239 355 1333 amplius
374 1265 478 1333 quam
497 1239 648 1334 singulas
663 1254 751 1309 artes
767 1267 866 1310 nosse
883 1241 994 1310 liceat.
1019 1250 1099 1323 [216]
1117 1241 1194 1328 Qua
1210 1263 1248 1308 re
1266 1263 1347 1322 non,

223 1350 272 1450 [et]
295 1354 321 1422 si
356 1354 655 1450 eloquentissimus
690 1356 830 1424 Athenis
867 1356 1017 1424 Pericles
1046 1354 1207 1449 idemque
1243 1353 1277 1422 in
1311 1378 1350 1422 ea

225 1468 348 1540 civitate
371 1471 537 1564 plurimos
561 1494 669 1539 annos
696 1472 858 1565 princeps
883 1470 1016 1539 consilii
1046 1470 1175 1564 publici
1195 1469 1272 1559 luit,
1294 1468 1348 1536 id·
1368 1480 1384 1532 5

224 1585 304 1654 circo
334 1584 488 1656 eiusdem
512 1584 662 1653 hominis
687 1602 790 1681 atque
814 1587 895 1654 artis
931 1601 1076 1679 utraque
1111 1585 1252 1653 facultas
1277 1584 1351 1655 exi-

224 1700 378 1770 stimanda
414 1716 483 1787 est3
522 1726 599 1782 nec,
628 1700 654 1769 si
679 1703 716 1769 P.
746 1706 888 1771 Crassus
922 1701 1011 1770 idem
1042 1700 1106 1769 suit
1128 1702 1294 1796 eloquens
1314 1715 1346 1770 et

221 1814 464 1911 iurisperitus,
502 1818 641 1885 obeam
676 1843 813 1886 causam
839 1817 926 1886 inest
948 1818 982 1884 in
1007 1817 1168 1886 facultate
1207 1816 1349 1886 dicendi

221 1930 291 2000 iuris
306 1933 416 2003 civilis
437 1933 589 2003 scientia.
617 1942 697 2015 [tlt]
711 1936 797 2002 Nam
817 1933 858 2020 si,
880 1949 918 2002 ut
936 1932 1082 2027 quisque
1098 1932 1133 2000 in
1151 1933 1264 2027 aliqua
1275 1947 1349 2001 arte

222 2061 249 2114 et
271 2046 432 2118 facultate
465 2052 636 2120 excellens
664 2050 762 2119 aliam
797 2072 936 2143 quoque
971 2063 1079 2116 artem
1118 2048 1180 2116 sibi
1217 2053 1404 2116 assum-10

221 2162 327 2255 pserit,
349 2165 376 2231 is
392 2164 547 2258 perficiet
567 2183 616 2250 ut,
641 2165 735 2260 quod
755 2178 934 2259 praeterea
951 2163 1047 2246 sciet,
1072 2161 1106 2230 id
1127 2163 1211 2247 eius,
1230 2163 1350 2257 inquo

221 2278 366 2361 excellet,
398 2305 477 2373 pars
500 2283 668 2375 quaedam
704 2305 776 2350 esse
803 2280 971 2363 videatur,
1007 2277 1086 2347 licet
1131 2278 1192 2347 ista
1218 2277 1351 2348 ratione

220 2391 365 2462 dicamus
399 2396 468 2489 pila
491 2398 579 2467 bene
605 2412 638 2467 et
661 2396 846 2466 duodecim
871 2393 1006 2488 scriptis
1029 2393 1149 2462 ludere
1170 2393 1350 2493 proprium

243 2635 287 2682 tte.
303 2639 326 2678 4.
340 2632 470 2679 sinambin
483 2634 521 2697 (uu
534 2635 581 2680 lieu
596 2635 661 2679 dcet
677 2634 700 2679 st
714 2632 787 2696 nup
803 2632 833 2678 ef.
850 2641 889 2690 26,
908 2639 966 2683 tle:
990 2640 1028 2685 56,
1051 2638 1110 2687 237;
1122 2636 1153 2689 tl,
1170 2640 1208 2689 to,
1226 2639 1278 2679 tto.
1291 2635 1308 2679 ll
1322 2650 1351 2680 ne

217 2705 297 2749 semble
319 2721 361 2764 pas
377 2720 390 2765 y
407 2705 473 2750 avoir
490 2705 623 2766 d'cxcnrplo
640 2705 670 2751 de
696 2706 781 2750 idcirco
803 2703 903 2764 precede
923 2720 966 2763 par
987 2715 1010 2748 et
1028 2703 1058 2749 si.
1074 2729 1105 2738 -
1125 2710 1147 2751 ⁰.
1167 2705 1190 2749 si
1210 2704 1304 2766 quisque
1326 2715 1352 2749 ut

217 2777 273 2839 MssJ
288 2775 312 2820 si
334 2786 359 2819 ut
381 2776 478 2838 quisque
496 2777 640 2838 Nalgclsbach
664 2777 766 2839 (taretia.
782 2774 851 2821 sciF.
873 2776 939 2836 §⁹⁸²⁹
961 2779 983 2830 4,
1005 2791 1028 2834 p.
1047 2775 1109 2837 298).
1135 2777 1187 2822 Uno
1202 2775 1245 2820 lois
1265 2776 1351 2822 l'ordro

216 2847 258 2890 mi
270 2848 312 2891 des
326 2857 389 2891 moto
403 2846 511 2903 nectent,
527 2848 549 2893 le
564 2847 585 2893 is
599 2848 639 2909 qui
656 2849 703 2894 suit
717 2846 847 2907 s’expliquo
861 2845 891 2890 de
906 2845 1046 2897 tui-meum
1063 2857 1205 2906 aupmnvunt
1227 2847 1243 2890 il
1257 2847 1349 2891 embar-

216 2917 290 2961 msait
314 2919 349 2962 les
368 2917 480 2972 ddheurs,
496 2919 536 2980 qui
553 2920 575 2963 le
594 2919 748 2981 chungcaient
763 2933 793 2963 cu
812 2917 846 2961 ira
861 2931 952 2961 comme
971 2916 1079 2972 Lambin,
1095 2932 1124 2960 ou
1139 2917 1161 2961 le
1180 2917 1351 2976 supprimaicnt

215 3003 299 3034 comme
309 2988 416 3035 Ellendt.

242 3192 260 3229 Ι.
281 3188 436 3233 exornatam
466 3187 506 3249 l:
530 3187 643 3248 insignem
667 3187 749 3231 redde-

214 3255 273 3318 bant]
295 3273 325 3303 ne
345 3259 455 3304 convient
476 3258 531 3304 bien
555 3259 624 3319 qu’au
650 3258 753 3318 premier

212 3327 304 3389 rigime,
321 3329 377 3374 maie
397 3330 530 3391 r'upplique
551 3345 580 3375 au
600 3330 685 3374 second
709 3344 753 3390 par

214 3413 255 3443 one
266 3408 329 3443 rorte
342 3400 371 3444 de
379 3415 486 3461 neugma.
502 3421 513 3442 a
526 3400 647 3447 Cen'eteit
659 3415 700 3460 pes
709 3416 753 3459 pur

212 3469 243 3514 les
253 3470 341 3515 memes
357 3487 455 3531 moyene
473 3471 496 3516 ni
514 3488 557 3532 prr
572 3473 592 3516 la
611 3473 685 3516 meme
700 3471 751 3516 πιό-

213 3540 280 3586 thodo
294 3539 382 3603 (eudem
393 3542 483 3588 ratione
491 3559 518 3587 cc
528 3543 574 3605 viu)
585 3543 652 3603 qu'ils
661 3542 753 3588 rehaus·

213 3610 284 3657 uient
300 3611 376 3659 t’tetn
389 3614 419 3658 de
440 3613 491 3659 leur
507 3613 566 3674 style
581 3625 606 3658 et
621 3614 642 3658 la
663 3611 753 3672 dignit&

213 3674 331 3729 del'lltlt.
346 3703 357 3725 n

244 3760 289 3801 t-a.
304 3757 329 3801 A
349 3771 425 3799 rerum
441 3767 534 3801 nutura.
558 3757 590 3801 La
606 3754 754 3815 proposition

211 3835 246 3869 est
261 3826 391 3887 exprimee,
415 3842 484 3887 parce
508 3843 554 3888 que
575 3828 596 3872 la
611 3836 701 3880 nature,
722 3826 754 3870 les

213 3897 264 3948 lois.
297 3897 329 3942 les
362 3897 506 3943 institutione
536 3909 588 3943 sont
622 3897 754 3958 presentees

211 3983 299 4013 comme
314 3968 441 4030 egissentes
452 3977 476 4013 et
492 3970 633 4014 devieunent
644 3970 685 4013 des
695 3984 753 4028 pcr-

211 4053 303 4087 sonnea.
323 4039 487 4085 construction
513 4040 634 4084 d'ailleurs
661 4039 682 4083 la
702 4039 754 4099 plus

211 4108 279 4154 elnire
292 4109 332 4167 ici,
349 4112 483 4155 interdicere
496 4110 589 4155 roulant
603 4111 692 4154 d’autrc
702 4119 755 4169 part

210 4180 398 4227 iel'ablrtileeul
417 4183 439 4227 le
458 4199 512 4227 urim
525 4183 553 4225 de
571 4182 592 4225 la
607 4182 677 4225 chose
698 4181 755 4225 dont

211 4268 241 4296 on
250 4251 336 4298 de'lend
350 4253 446 4314 l'usuge.
459 4279 490 4288 -
504 4252 591 4313 illalum
608 4252 647 4312 (cl.
663 4251 754 4312 §le

212 4343 223 4363 ι
235 4325 337 4384 quelque
352 4325 478 4376 totunm
487 4334 549 4368 cette
562 4324 629 4368 idee:
642 4343 652 4362 κ
663 4325 687 4383 je
701 4340 753 4368 von·

212 4388 272 4440 druis
281 4397 334 4441 bien
343 4396 418 4440 savoie
432 4396 534 4456 laquelle
542 4412 548 4450 ;
556 4396 581 4453 je
596 4394 648 4439 n'en
661 4395 755 4439 connais

213 4469 279 4526 point
298 4467 329 4512 de
349 4476 410 4511 cette
432 4476 495 4511 sorte
509 4486 531 4511 n.
551 4491 583 4502 -
601 4467 630 4510 Ut
643 4481 670 4509 ne
684 4483 715 4508 :
727 4481 754 4508 ae

212 4548 264 4583 tout
279 4538 344 4592 seul3
361 4537 391 4582 et.
411 4544 449 4592 35,
464 4543 517 4584 444.

242 4615 263 4653 t.
277 4613 314 4661 si,
330 4625 378 4654 non
393 4624 435 4670 prs
446 4619 468 4652 ct
491 4608 531 4652 st:
557 4608 606 4652 voir
625 4609 675 4655 ΝΕ.
692 4611 754 4654 Dans

213 4691 272 4725 cette
287 4681 452 4743 construction,
467 4680 488 4724 lu
504 4679 614 4741 uirgarum
632 4690 668 4724 ert
681 4679 752 4740 rigu-

212 4751 334 4797 licrrment
350 4750 430 4812 placde
456 4762 523 4796 arant
557 4754 576 4795 ln
609 4752 754 4810 proposition

212 4824 392 4868 conditionnelle
415 4821 453 4882 (εἰ.
472 4823 525 4883 plus
550 4825 590 4867 bns
608 4838 648 4865 acc
667 4824 707 4871 sil.
723 4848 754 4857 -

211 4895 329 4957 Idemque.
342 4894 377 4941 ct.
394 4895 407 4956 5
420 4902 474 4939 ars.

243 4974 265 5013 ὅ.
283 4965 401 5014 Plrtrr'mos
413 4981 492 5010 umor.
509 4967 627 5022 Quarante
648 4980 696 5012 ans.
718 4965 752 5010 dit

806 3185 914 3241 Cice'rou,
922 3186 963 3236 tlt,
972 3190 1011 3236 at,
1025 3190 1066 3229 tas
1078 3183 1116 3245 (en
1128 3183 1222 3229 chiss’ros
1233 3183 1322 3246 conda).
1331 3185 1349 3228 ll

806 3256 855 3301 lunc
868 3256 926 3300 alors
941 3255 1000 3300 loire
1016 3270 1161 3300 commoneor
1187 3255 1349 3315 l'importanee

805 3326 922 3387 politiquc
935 3327 965 3371 de
980 3326 1108 3371 Ptrtettsa
1128 3329 1148 3370 lu
1164 3326 1221 3371 ruine
1233 3342 1262 3370 en
1278 3342 1348 3370 uccer-

806 3398 879 3442 ontion
898 3399 928 3442 de
945 3397 1028 3443 Cimon
1042 3413 1125 3442 revenu
1138 3397 1167 3441 de
1187 3398 1274 3442 Thasos
1293 3397 1347 3456 (465

806 3485 842 3516 nv.
862 3469 949 3530 J.-C.l.
967 3468 1028 3515 Mais
1047 3468 1062 3513 il
1078 3484 1107 3513 ne
1124 3467 1160 3515 lut
1175 3467 1311 3514 reelleruent
1326 3467 1348 3512 le

807 3538 863 3585 etet
878 3538 1007 3585 incontestr'r
1034 3539 1162 3584 d'Athcnes
1194 3538 1302 3600 qu'upree
1325 3540 1348 3585 le

807 3611 980 3656 bunuissement
990 3613 1020 3656 de
1032 3611 1178 3672 Thucydide,
1190 3610 1226 3656 lile
1241 3611 1271 3655 de
1283 3609 1350 3657 Mitt·

807 3683 861 3737 sine,
879 3684 963 3727 εμὲ-ἀ,
979 3683 1008 3727 de
1025 3688 1069 3727 444
1083 3685 1095 3727 t
1111 3689 1165 3727 tw.
1180 3683 1224 3728 Sur
1239 3698 1280 3728 eon
1297 3684 1350 3728 elir-

808 3769 906 3815 quanm,
920 3753 952 3800 cl.
969 3757 1033 3799 Brut.
1048 3753 1126 3814 §52⁸³
1138 3760 1176 3807 38,
1190 3759 1228 3816 44,
1243 3761 1279 3811 44,
1295 3761 1348 3800 290.

841 3833 891 3872 6-6.
911 3827 989 3873 Nou...
1015 3825 1101 3870 tutrco
1124 3826 1255 3874 eiusdem...
1282 3826 1349 3872 artis.

810 3896 828 3943 ll
840 3913 869 3941 nc
881 3896 977 3942 n'ensuit
991 3912 1033 3957 pre
1048 3898 1237 3942 uecessar'remeut
1252 3915 1299 3959 quc
1312 3914 1350 3943 ees

809 3969 893 4014 tulents
913 3969 932 4014 ei
955 3968 1032 4014 divers
1053 3968 1173 4015 d'orateur
1190 3979 1214 4015 et
1233 3971 1350 4015 d'ltornme
1438 3973 1439 3976 ’

809 4029 887 4086 d'lltut
897 4040 1004 4085 relevent
1013 4042 1043 4085 du
1052 4041 1168 4086 memenrt
1176 4040 1349 4102 (l'cloquence).

840 4117 862 4156 7.
880 4115 909 4158 Ρ.
926 4115 1031 4157 Crassus.
1045 4110 1080 4156 Cl.
1095 4116 1133 4164 ³7,
1153 4118 1206 4158 tto.

839 4189 863 4227 ll.
883 4183 981 4243 Aliqua,
993 4198 1063 4241 parce
1076 4182 1214 4241 qu’dntoine
1225 4183 1259 4226 n'a
1276 4198 1349 4227 aucun

809 4264 844 4299 nrt
863 4270 892 4298 en
913 4252 1051 4313 particulier
1064 4255 1121 4296 dans
1135 4253 1233 4312 l'erprit.
1253 4253 1289 4298 Cf.
1309 4259 1349 4306 to,

808 4333 863 4370 2⁰8.

842 4404 878 4441 tt.
900 4394 1010 4458 Perficr'et
1032 4403 1066 4448 ut,
1093 4394 1227 4440 aamdnern
1250 4411 1294 4455 pur
1307 4411 1348 4442 aon

807 4467 913 4527 exemple
926 4469 937 4511 a
952 4477 1013 4512 cette
1022 4465 1154 4511 conclusion
1165 4482 1241 4527 que...
1252 4486 1273 4510 s.

842 4547 877 4585 tn.
893 4542 944 4584 Ista
957 4537 997 4600 (cl.
1017 4545 1051 4594 tt,
1070 4539 1119 4597 tn),
1132 4557 1143 4578 α
1155 4547 1258 4583 envcrtu
1268 4539 1298 4584 de
1310 4550 1348 4584 ton

807 4612 984 4662 raisonnement.
995 4612 1089 4656 Crassus
1103 4631 1112 4650 ι
1126 4609 1192 4670 {c'est
1205 4613 1218 4653 a
1230 4611 1261 4656 lui
1274 4611 1349 4671 purti-

807 4683 958 4727 eulicrcment
973 4699 1005 4743 qu
1015 4685 1113 4728 Autome
1137 4682 1250 4727 sudresse
1267 4700 1272 4727 z
1298 4684 1348 4729 νίιι·

807 4754 887 4798 dicari
895 4771 909 4799 a
923 4765 944 4798 te
958 4756 1050 4808 Crasse,
1065 4751 1154 4814 §tl-l).
1379 4808 1385 4818 ·

840 4831 877 4872 43.
896 4825 958 4870 Pila.
975 4824 1011 4872 Cl.
1028 4833 1064 4879 16,
1078 4831 1124 4879 73;
1141 4829 1179 4881 86,
1197 4834 1281 4874 tou-
1290 4831 1351 4875 Duo-

806 4896 880 4941 decim
902 4897 1005 4958 scriptis.
1030 4896 1115 4942 C'dtuit
1136 4914 1165 4943 un
1180 4900 1218 4957 J'eu
1235 4900 1350 4963 analoguc

807 4984 860 5014 sans
876 4970 947 5014 doute
961 4987 988 5014 uu
1004 4969 1110 5022 trictrac3
1133 4969 1190 5015 ainsi
1207 4971 1291 5033 appell·
1309 4973 1351 5017 des
