3226 5904
490 882 580 936 CAP.
614 880 794 936 Lttt-Ltt‘.
829 875 864 956 lp}
892 881 1060 934 228-231.
1293 880 1345 935 tut

211 1011 359 1102 pestiferi
388 1012 480 1081 cives
503 1012 742 1106 supplicioque
765 1011 875 1105 (ligni,
901 1027 1014 1080 tamen
1058 1036 1195 1081 omnem
1227 1036 1347 1079 eorum

213 1126 500 1220 importunitatem
518 1153 558 1196 ex
579 1127 706 1196 intimis
724 1125 896 1195 mentibus
914 1128 1085 1196 evellisset
1109 1128 1159 1194 vis
1183 1125 1348 1195 orationis

215 1256 294 1309 tuae.
316 1245 418 1311 Nunc
438 1241 513 1310 talis
539 1242 591 1309 vir
614 1242 755 1310 amissus
781 1257 842 1324 est,
867 1242 947 1311 dum
973 1269 1072 1312 causa
1089 1245 1133 1311 ita
1150 1243 1289 1326 dieitur,
1311 1258 1345 1310 ut

216 1357 235 1421 si
265 1358 296 1424 in
329 1357 385 1426 illa
419 1357 659 1426 commenticia
693 1356 843 1424 Platonis
892 1357 1029 1428 civitate
1064 1384 1118 1428 res
1155 1373 1343 1452 ageretur:

217 1497 305 1540 neruo
332 1473 510 1568 ingemuit,
539 1497 641 1541 nemo
672 1471 867 1539 inclamavit
895 1488 1132 1566 patronorum,
1162 1473 1246 1540 nihil
1272 1473 1380 1545 cui-'5

217 1613 305 1680 quam
332 1588 454 1671 doluit,
483 1612 584 1656 nemo
609 1602 659 1657 est
685 1599 836 1680 questus,
869 1612 970 1655 nemo
997 1614 1068 1658 rem
1090 1589 1261 1683 publicam
1289 1588 1346 1654 im·

124 1778 128 1782 ,
219 1704 365 1796 ploravit,
396 1729 498 1772 uerno
523 1702 745 1797 supplicavit,
772 1701 853 1795 quid
877 1703 1008 1771 multal
1036 1705 1158 1798 pedem
1181 1728 1284 1771 nemo
1315 1704 1348 1770 in

218 1820 265 1887 illo
280 1819 408 1887 iudicio
426 1819 604 1913 supplosit,
629 1817 747 1899 eredo,
767 1842 810 1885 ne
825 1817 946 1885 Stoicis
963 1821 1229 1889 renuntiaretur.
1251 1821 1344 1886 LIV.

219 1940 288 2022 11311
315 1933 471 2002 Imitatus
495 1949 545 2002 est
575 1934 677 2002 homo
708 1934 879 2002 Romanus
904 1948 936 2002 et
964 1935 1152 2004 consularis
1197 1949 1347 2003 veterem

219 2049 300 2117 illurn
338 2052 528 2132 Socratem,
566 2048 637 2143 qni,
675 2072 753 2115 cum
780 2048 933 2116 onmium
967 2051 1234 2144 sapientissimus
1263 2063 1346 2118 esset
1368 2056 1406 2115 10·

218 2164 488 2258 sanctissimeque
516 2165 665 2244 vixisset,
699 2163 743 2231 ita
774 2164 809 2231 in
836 2164 965 2233 iudicio
992 2167 1112 2260 capitis
1139 2192 1202 2260 pro
1222 2191 1257 2235 se
1278 2164 1349 2259 ipso

243 2343 283 2385 ΝΕ.
310 2349 330 2386 t.
346 2341 459 2403 pertisem'
472 2343 530 2386 rr'rrs
547 2341 708 2402 supplicioque
720 2340 791 2399 digni
806 2341 849 2385 ruis
861 2352 928 2387 entre
946 2344 1053 2388 rrochets
1067 2359 1110 2403 par
1126 2347 1223 2404 Kayser.
1278 2361 1282 2364 ·
1323 2363 1326 2368 ·

218 2493 264 2536 doru
282 2493 383 2538 Rutilius
402 2493 464 2538 arsit
484 2493 602 2554 poursniri
622 2494 657 2537 les
678 2506 748 2535 osae-

219 2562 268 2607 tions
283 2580 311 2608 en
325 2563 387 2619 Asin,
401 2569 414 2608 «i
426 2565 448 2608 la
458 2564 502 2610 lois
515 2565 648 2624 donejngos
662 2574 685 2608 et
694 2579 747 2623 par·

219 2633 253 2675 tire
271 2635 329 2677 dans
349 2645 413 2679 cette
431 2650 508 2680 cause.
531 2660 561 2670 -
585 2633 699 2680 Scelerati
715 2641 749 2676 est

219 2704 307 2748 attrihut
327 2704 358 2749 de
365 2705 474 2766 fuissent
488 2721 580 2751 comme
593 2703 704 2766 pestiferi
718 2703 750 2746 ci·

218 2792 246 2817 res
258 2787 281 2820 et
296 2775 413 2835 supplicio
421 2776 499 2836 digni.
515 2780 547 2822 La
558 2775 710 2836 punctuation
720 2775 749 2818 de

218 2847 307 2890 certains
319 2845 423 2893 editeurs
436 2848 573 2909 (Friedrich,
588 2848 681 2907 Stangl,
691 2845 750 2890 Wil-

218 2916 277 2977 kinsl,
297 2917 337 2978 qui
359 2919 506 2978 supprimeret
534 2919 556 2963 la
573 2918 664 2978 virgula
684 2928 750 2962 entre

216 2988 304 3042 (uremur
313 3000 338 3034 et
349 2989 471 3052 pestiferi,
487 2990 528 3035 leit
540 3005 584 3034 une
591 2988 750 3034 construction

218 3060 305 3117 gmehe,
321 3075 374 3104 sent
389 3059 511 3108 necessus.

243 3137 263 3175 2.
280 3131 485 3192 Importunitatem
509 3148 564 3176 aree
587 3132 608 3176 lo
632 3146 684 3175 sous
703 3129 751 3176 tris

218 3198 264 3253 lort,
276 3203 334 3262 qu'il
349 3217 362 3245 ι
375 3213 481 3259 sourent,
497 3203 527 3248 do
539 3224 550 3244 u
567 3201 663 3247 ornanti
677 3223 699 3246 r.
714 3201 749 3247 Cl.

216 3272 234 3312 itt
249 3275 299 3319 Cat.
316 3273 355 3327 IV,
368 3280 391 3328 6,
408 3281 435 3318 12
452 3292 456 3319 :
474 3295 485 3315 n
502 3274 649 3334 importunus
664 3289 690 3318 ae
702 3272 751 3317 ier-

217 3359 260 3388 reus
278 3364 304 3400 »ς
322 3360 366 3407 pro
380 3346 472 3390 t'lueut.
487 3352 524 3400 tt,
543 3351 584 3391 tri
603 3363 607 3390 :
625 3366 635 3386 ι
651 3344 752 3389 erudelis

216 3425 278 3475 atque.
288 3416 424 3475 importuna
441 3416 525 3461 mulier
536 3436 546 3456 u
558 3434 564 3468 ς
577 3432 620 3478 pro
631 3415 694 3459 Sutt.
712 3421 750 3469 27,

216 3492 238 3530 15
257 3505 262 3531 :
292 3508 303 3529 ι
321 3488 365 3532 ista
386 3497 450 3532 teuta
469 3488 632 3548 importunitas
652 3486 751 3532 inauditi

216 3559 302 3604 sceleris
320 3579 341 3604 n.
369 3560 404 3604 Au
432 3574 527 3619 propre.
551 3559 694 3619 importunus
718 3558 750 3619 (iu

216 3630 278 3687 prin,
289 3630 381 3692 portus)
400 3631 490 3690 signifle
506 3647 550 3675 une
560 3634 614 3675 eote
635 3631 666 3675 οὺ
680 3646 710 3674 on
722 3646 751 3673 ιιι·

214 3713 265 3758 peut
290 3717 331 3761 pas
351 3702 464 3757 abordor3
486 3713 624 3763 opportunus
644 3717 672 3745 au
694 3718 749 3745 eon-

215 3772 288 3822 unire.
305 3773 441 3818 abordablo.
457 3799 488 3808 —
506 3777 544 3819 Er
560 3773 651 3818 intimis
665 3773 751 3817 urenti·

214 3843 259 3899 iss,
275 3864 286 3884 α
307 3843 339 3888 du
353 3843 410 3889 fond
427 3845 456 3889 de
471 3845 533 3890 leurs
556 3843 652 3905 pensies
675 3865 696 3896 u,
721 3847 751 3887 ou

214 3914 333 3959 naissainnt
351 3914 412 3959 leurs
437 3917 529 3976 projets
556 3917 585 3960 de
610 3931 750 3976 rnngeunee.

242 3993 262 4031 3.
281 3985 397 4039 ‚ernisius
414 3988 488 4046 pordu
504 4002 564 4046 pom·
579 3987 600 4031 ln
615 3986 670 4035 cite.
688 3987 752 4046 puis-

214 4057 267 4116 qu'il
281 4056 358 4101 refusa
374 4057 425 4117 plus
441 4059 493 4103 tard
507 4059 536 4102 tle
551 4058 750 4118 quitterSmyrnr

214 4138 234 4170 et
249 4129 278 4172 de
289 4128 379 4173 rorenir
394 4132 407 4172 's
421 4130 504 4174 Rome.
521 4129 662 4186 Quintilian,
676 4131 715 4182 Xl,
730 4137 750 4186 t,

216 4206 255 4243 ta:
273 4220 284 4239 ιι
297 4212 423 4246 revocante
439 4216 490 4244 num
504 4204 529 4246 Ρ.
546 4201 608 4247 Sulla
625 4216 719 4245 manere
729 4201 751 4244 in

214 4270 292 4315 exsilio
302 4271 385 4316 meluit
401 4290 423 4315 n.

240 4347 263 4386 1.
279 4342 456 4398 Commenticr'u3
470 4343 501 4387 ef.
518 4350 557 4399 62,
568 4351 621 4390 ⁴22⁴.

186 4418 190 4424 ’
241 4413 361 4460 1-6.Νῶὶὶ
370 4420 476 4475 crrtqnam
488 4414 570 4460 doluit.
579 4417 656 4461 hieme
664 4416 751 4474 emploi

212 4483 365 4543 impersonnol
379 4501 426 4546 que
447 4486 505 4530 dans
524 4488 546 4530 lo
563 4503 608 4548 pro
628 4490 692 4532 Mur.
713 4494 750 4549 20,

211 4560 259 4601 t2:
279 4576 290 4596 ιι
306 4556 342 4601 eui
358 4557 436 4616 placet
458 4558 613 4610 obliviscitur,
629 4559 666 4602 eui
686 4558 751 4603 dolet

213 4626 317 4671 meminit
327 4641 349 4683 »ς
359 4627 435 4686 Ptine,
447 4631 490 4690 Ep.
505 4631 591 4690 litte,
604 4639 632 4674 tt:
648 4649 657 4669 u
670 4632 751 4685 Paete,

212 4712 255 4742 ιιοιι
262 4698 327 4744 dolet
337 4719 358 4744 n.
371 4699 563 4763 Gimissemonts,
574 4701 749 4762 exclamationi,

211 4767 253 4811 rris
267 4769 296 4814 de
308 4769 416 4827 douleur,
436 4773 517 4832 appele
530 4777 543 4816 ιι
557 4773 579 4816 la
604 4771 673 4831 pini,
695 4773 751 4817 e'est

211 4838 239 4881 rle
251 4840 306 4899 quoi
319 4839 428 4898 Chiron,
441 4860 468 4888 en
481 4843 578 4887 rebours
592 4846 621 4889 do
641 4843 749 4905 Rutilius,

211 4925 237 4952 ne
252 4927 275 4955 se
294 4913 381 4972 prirait
395 4929 436 4974 pes
448 4914 505 4959 dans
520 4931 556 4960 sos
570 4916 682 4965 discours.

240 4989 287 5028 ἰ’-11.
307 4986 397 5031 4Ρειίιιιι
419 4987 540 5048 supplerit.
565 4991 625 5034 Ettrt
654 5000 751 5035 sourrnt

804 2493 914 2553 employi
925 2509 969 2554 par
983 2495 1017 2540 les
1031 2507 1136 2541 orateurs
1148 2506 1171 2541 et
1193 2505 1252 2555 pom
1270 2496 1348 2556 lequel

805 2564 820 2608 il
834 2581 847 2624 y
863 2564 926 2609 nvait
939 2566 981 2611 dos
996 2567 1071 2628 regies
1088 2586 1092 2613 ι
1109 2583 1139 2612 on
1151 2583 1181 2611 eu
1196 2567 1255 2611 usait
1270 2582 1298 2611 au
1310 2565 1350 2610 di·-

805 2636 846 2679 but
859 2651 889 2681 ou
904 2640 917 2680 i
934 2638 955 2681 la
969 2638 1000 2682 tin
1013 2637 1083 2683 d'uno
1107 2637 1236 2683 discussion
1258 2636 1349 2682 animia

803 2704 857 2767 (lli,
883 2714 921 2762 5⁰,
937 2715 1000 2763 220;
1019 2710 1158 2772 Quintilien,
1175 2712 1217 2770 tlt,
1239 2716 1261 2771 ³,
1288 2709 1348 2770 tas).

805 2778 866 2822 D'un
882 2789 978 2823 orateur
998 2777 1058 2822 lroid
1079 2779 1178 2825 Ciciron
1189 2780 1242 2825 dit:
1260 2799 1271 2821 ιι
1287 2780 1349 2824 nulla

805 2849 910 2908 eorporis
930 2848 1107 2911 (perturbatio),
1136 2850 1200 2895 irous
1224 2867 1269 2895 non
1293 2867 1349 2910 per-

805 2935 880 2975 eussa,
892 2936 938 2964 non
956 2919 1045 2976 lemur;
1059 2921 1134 2981 pedis,
1148 2922 1212 2983 quod
1228 2921 1350 2966 minimum

806 3001 851 3042 est,
877 2991 940 3035 nulla
960 2991 1079 3051 supplosio
1101 3009 1111 3030 u
1130 2990 1207 3052 (Brut.
1227 2999 1265 3044 so,
1287 2992 1348 3051 278).

807 3065 901 3106 (lrnssns
913 3063 1046 3122 eependant
1060 3061 1118 3107 ituit
1128 3063 1196 3107 sobre
1205 3061 1235 3107 de
1246 3078 1272 3106 ee
1283 3077 1350 3106 mort-

807 3143 911 3188 ronrent,
927 3134 994 3178 etde
1011 3146 1088 3195 gestes
1100 3149 1130 3179 on
1154 3132 1247 3193 ginirnl
1272 3133 1349 3194 (Brut.

806 3209 845 3255 13,
872 3204 932 3266 rsa).
953 3230 983 3240 -
1008 3208 1041 3251 Ne
1065 3207 1150 3250 Stoicis
1170 3204 1350 3249 renuntiaretur.

808 3275 883 3320 lronie
896 3275 1025 3321 introduito
1046 3292 1090 3337 par
1112 3276 1177 3320 credo
1198 3274 1237 3338 (el'.
1261 3277 1293 3336 ll,
1312 3280 1350 3329 ³3,

809 3346 885 3407 tta):
906 3367 916 3387 u
940 3362 1000 3406 pour
1019 3349 1092 3392 n'etre
1114 3364 1155 3407 pas
1180 3345 1288 3391 dinonee
1308 3362 1351 3391 aus

807 3416 922 3461 Sto'r‘eions
934 3431 1025 3461 eomme
1045 3427 1114 3476 ayant
1128 3413 1269 3477 transgressi
1289 3416 1351 3459 lours

806 3485 964 3546 preceptes.»
986 3489 1018 3531 Le
1044 3487 1115 3532 verbe
1138 3486 1319 3547 nd'ordinaire,
1338 3488 1351 3527 rt

807 3558 887 3612 lacui,
905 3574 935 3602 uu
954 3558 1112 3618 complement
1127 3559 1157 3603 tle
1177 3558 1246 3602 rhoso
1262 3556 1349 3619 (lequel

807 3628 901 3673 devient
924 3629 945 3673 lo
963 3630 1024 3687 sujet
1043 3631 1074 3674 dn
1090 3631 1161 3675 rerbe
1173 3629 1222 3689 pris
1244 3628 1349 3689 passive-

807 3702 880 3761 ment)
890 3718 895 3745 ι
907 3720 917 3740 u
924 3701 1044 3746 renuntiat
1054 3701 1172 3746 Habonius
1180 3702 1245 3745 illem
1253 3700 1351 3745 derisio·

807 3787 860 3816 nem
875 3772 990 3817 tutoribus
1005 3792 1016 3812 u
1029 3771 1062 3835 (iu
1075 3776 1143 3818 Ver-r.
1154 3774 1185 3826 lt,
1199 3778 1273 3827 1,δ1,
1288 3771 1348 3834 111).

839 3849 907 3888 1)-10.
936 3843 1046 3888 Imitatur
1071 3855 1136 3888 est...
1165 3847 1290 3888 Socratem.
1313 3842 1349 3888 Cf.

806 3914 917 3970 Quintil„
932 3916 975 3966 Xl,
994 3923 1013 3970 t,
1029 3922 1056 3959 12
1072 3933 1078 3961 2
1095 3935 1105 3955 n
1119 3917 1145 3960 P.
1161 3916 1292 3960 Rutilius...
1309 3914 1350 3959 illo

806 4000 881 4043 parur
902 3987 1022 4031 Socratico
1044 4002 1129 4048 genere
1151 3985 1294 4030 defensionis
1316 3995 1350 4029 est

808 4072 860 4100 usus
875 4077 895 4102 n.
911 4080 942 4092 —
954 4059 1025 4101 Homo
1042 4059 1195 4102 demanaret
1212 4057 1350 4102 consuturis.

806 4127 966 4172 denxraisons
980 4144 1040 4187 pour
1056 4128 1113 4187 qu'il
1134 4126 1235 4170 n'imitrtt
1255 4143 1297 4184 pas
1321 4143 1351 4171 un

807 4199 945 4258 philosophe
958 4216 1021 4259 gree.
1038 4224 1067 4232 -
1082 4198 1188 4242 Ouinium
1206 4196 1352 4255 sapientiai·

807 4287 864 4314 ntus.
892 4270 933 4313 'ret
956 4270 1033 4313 l'avnit
1061 4269 1179 4327 proclama
1203 4268 1297 4311 l'orarlo
1322 4267 1351 4311 dr

806 4341 909 4400 Delphos
922 4339 1025 4400 (Platon.
1041 4339 1109 4398 apol.
1120 4345 1145 4382 21
1164 4355 1194 4393 a;
1211 4338 1269 4393 cte,
1285 4338 1350 4383 Lari.

807 4421 830 4469 2,
844 4419 891 4457 iet
907 4418 929 4466 1,
948 4420 974 4456 13
985 4432 991 4464 ς
1004 4414 1056 4456 Cnt.
1069 4413 1224 4464 Mutata&
1243 4411 1318 4455 ,teau
1332 4413 1351 4461 l,

807 4493 830 4540 ι,
845 4485 889 4548 ιι),

840 4566 876 4603 tt.
919 4559 988 4602 Itu...
1015 4573 1057 4617 pro
1077 4573 1100 4600 se
1123 4555 1171 4614 ipse
1195 4554 1266 4598 dixit.
1295 4555 1353 4599 Voit

806 4630 953 4691 l'hrtoinpiu
962 4626 1114 4690 Σωκράτους
1124 4627 1153 4671 de
1162 4626 1350 4671 Platottffiwttl·

808 4705 826 4753 1,
851 4709 890 4764 aa,
911 4708 936 4746 71
967 4718 971 4744 :
999 4721 1009 4741 n
1035 4702 1142 4743 Socrates
1160 4714 1203 4743 neo
1226 4699 1350 4758 patronum

806 4771 1088 4835 quaesivitadiudicium
1111 4770 1196 4831 eapitis
1220 4785 1262 4814 nee
1286 4769 1352 4813 iudi-

807 4845 871 4889 oibus
891 4844 989 4902 supplex
1009 4841 1052 4887 tuit
1076 4841 1230 4902 adhibuitque
1254 4840 1350 4885 liberam

807 4915 976 4961 contumaciam
990 4930 1002 4958 e
1018 4915 1179 4976 magnitudino
1201 4915 1269 4958 animi
1291 4913 1349 4957 rhu·-

807 4993 865 5039 tarn,
879 5003 924 5031 non
940 5004 951 5030 a
965 4987 1080 5047 strprrhin.
1095 5009 1105 5029 s
