3292 5422
250 453 303 511 108

580 457 634 511 DE
664 456 887 522 ΟΒΑΤΟΒΕ,
916 457 999 514 LlB.
1029 458 1054 511 l.

248 589 420 658 neminem
437 615 501 660 nec
521 604 616 658 motu
633 589 790 683 corporis
804 599 918 682 neque
935 588 1008 682 ipso
1024 587 1142 657 habitu
1157 605 1262 684 atque
1287 590 1404 658 forma

248 703 416 798 aptiorem
432 731 497 775 nec
521 730 607 775 voce
637 705 830 800 pleniorem
858 718 916 773 aut
941 705 1134 775 suaviorem
1160 705 1244 773 milri
1275 705 1405 774 videor

248 818 399 906 audissc;
414 847 501 915 quae
518 822 642 917 quibus
659 847 676 888 a
693 835 815 889 natura
830 821 963 889 minora
979 820 1056 890 data
1072 835 1162 905 sunt,
1178 835 1297 890 tamen
1314 820 1403 889 illud

249 936 382 1029 assequi
404 953 558 1032 possunt,
588 951 625 1006 ut
660 937 711 1021 iis,
738 961 825 1031 quae
850 935 990 1022 liabent,
1027 936 1163 1006 modice
1186 953 1222 1006 ct
1246 939 1406 1007 scienter

217 1065 233 1117 5
251 1066 439 1122 utanturet
454 1068 492 1122 ut
512 1079 554 1123 ne
575 1052 754 1123 dedeceat.
776 1053 815 1120 ld
833 1053 923 1121 enim
939 1067 989 1122 est
1004 1054 1149 1123 maxime
1166 1054 1351 1123 vitandum
1370 1070 1402 1124 et

250 1167 371 1236 dehoc
387 1195 456 1238 uno
467 1169 608 1238 minime
621 1183 671 1239 est
683 1167 784 1237 facile
799 1169 1001 1264 praecipere
1016 1196 1086 1238 non
1098 1170 1181 1239 milri
1197 1170 1322 1259 modo,
1342 1172 1402 1266 qui

250 1284 338 1353 sicut
354 1311 441 1354 unus
457 1285 701 1379 paterfamilias
722 1284 774 1354 his
790 1284 833 1354 de
850 1286 951 1355 rebus
973 1287 1108 1380 loquor,
1125 1286 1184 1356 sed
1205 1287 1313 1356 etiam
1335 1288 1401 1382 ipsi

252 1398 298 1467 illi
317 1401 453 1485 Roscio,
473 1427 575 1496 quem
588 1400 804 1495 saepeaudio
824 1400 943 1471 dicere
958 1417 1143 1496 caputesse
1158 1402 1241 1471 artis
1253 1402 1401 1488 decere,

251 1515 344 1608 quod
369 1533 483 1586 tamen
512 1542 618 1585 rmum
652 1517 684 1585 id
716 1542 801 1601 esse,
826 1518 919 1612 quod
952 1512 1040 1586 tradi
1075 1534 1147 1587 arte
1176 1544 1247 1587 non
1276 1519 1401 1613 possit.

282 1765 332 1808 ΝΕ.
352 1770 373 1807 3.
391 1774 466 1808 aomo
482 1763 525 1826 qai
540 1763 603 1808 iliad
616 1768 641 1810 L.
655 1790 686 1799 -
713 1770 736 1808 7.
756 1780 816 1808 riores
844 1762 1043 1826 [poterlirmilias]
1064 1764 1171 1809 contritis
1190 1765 1404 1825 Kayser.d'apri·=

253 1850 297 1879 une
312 1836 446 1894 conjecture
460 1835 490 1879 de
506 1835 606 1889 Piderit,
622 1852 668 1897 que
684 1834 774 1880 Piderit
786 1835 912 1881 lui-meme
932 1853 944 1881 a
963 1835 1003 1881 sani
1020 1852 1063 1896 par
1077 1835 1237 1886 abendonarr,

286 2075 333 2112 t-t.
353 2067 502 2115 deterioria...
520 2067 644 2129 aptiorem,
658 2067 794 2128 pleniorem.

253 2141 328 2185 Noter
363 2139 493 2184 l'habitude
537 2139 609 2184 latine
648 2138 798 2200 d'appliquer

254 2210 411 2255 directement
440 2209 562 2270 l'epithete
585 2213 597 2254 ‘a
622 2213 642 2256 la
670 2225 797 2271 personne,

254 2297 284 2325 ao
297 2281 342 2324 lieu
355 2281 385 2326 de
400 2280 544 2342 l'appliqoer
558 2284 569 2325 ir
583 2284 603 2326 la
618 2282 705 2327 chose:
722 2302 732 2323 ι
746 2283 798 2342 plus

254 2350 345 2397 merare
364 2352 421 2396 dans
441 2368 477 2397 ses
492 2364 652 2399 mouvements
672 2373 694 2407 n,
710 2369 738 2398 ao
751 2353 797 2398 lieo

254 2424 283 2467 de
297 2443 308 2464 ιι
328 2424 386 2468 doot
404 2422 440 2467 les
462 2435 623 2470 rrrourements
642 2424 728 2469 lassent
746 2424 798 2485 plus

255 2494 357 2540 mesures
374 2514 398 2542 ι.
417 2495 454 2541 Cf.
474 2503 511 2550 tt,
530 2503 572 2541 trs
594 2514 600 2542 ι
624 2496 708 2556 lingua
720 2494 797 2539 lraesi·

255 2577 338 2612 taoter.
360 2593 390 2600 -
404 2565 544 2615 Pleniorem.
569 2587 580 2608 ι
601 2567 672 2612 Plena
690 2583 734 2612 vox
751 2582 797 2610 ιιοιι

255 2649 290 2683 est
307 2653 391 2699 magno
406 2639 448 2683 sed
469 2654 528 2684 sono
550 2639 622 2699 pleno
644 2649 667 2684 et
683 2653 769 2683 canoro
785 2657 796 2677 υ

256 2710 377 2770 (Ellendt).
389 2710 433 2755 Sor
449 2712 481 2754 les
498 2710 636 2756 differentes
655 2709 756 2770 qualites
768 2709 798 2754 de

254 2782 275 2826 la
289 2781 348 2835 roia,
362 2780 394 2829 ci.
404 2780 542 2838 Quintilian,
556 2783 599 2838 Xl,
611 2788 635 2836 ³,
649 2787 677 2825 ts
690 2790 714 2825 et
728 2787 771 2833 ta,
782 2781 798 2825 il

254 2868 344 2912 oppose
353 2851 424 2914 plena
437 2855 448 2896 ia
461 2853 540 2899 exilis.

285 2932 308 2970 3.
326 2926 422 2970 Minora
434 2925 497 2970 certa.
511 2925 619 2970 Allosion
634 2926 645 2968 'a
660 2925 738 2971 Cotta.
760 2921 795 2969 Cf.

256 2999 322 3041 Brut.
331 3004 369 3052 65,
379 3003 436 3040 202:
450 2999 558 3042 aCotta..
569 2997 628 3041 utad
639 2994 798 3040 infirmitatem

255 3069 354 3112 laterum
367 3067 513 3127 perscienter
526 3067 693 3113 contentionco
705 3081 797 3111 omnem

255 3139 385 3192 remiserat,
408 3139 440 3183 sic
458 3138 489 3182 ad
508 3139 591 3184 virium
613 3138 797 3184 imbecillitatem

255 3210 350 3256 dicendi
366 3210 557 3255 accommodabat
569 3226 642 3272 genus
654 3229 675 3255 ι.

287 3288 336 3327 te.
350 3280 450 3327 Mediae.
467 3283 503 3326 On
518 3292 580 3327 reste
593 3282 650 3325 dans
663 3283 684 3326 la
697 3296 798 3335 mesore,

257 3368 326 3415 pam
356 3353 426 3413 qu'oa
454 3369 466 3396 a
494 3368 538 3397 trae
568 3353 715 3413 intelligente
741 3368 798 3396 eon-

256 3425 375 3469 naissnuce
399 3425 429 3468 de
452 3440 487 3469 ses
513 3424 611 3469 laeultes
637 3435 661 3470 et
684 3424 713 3468 de
738 3425 800 3467 leurs

257 3496 346 3542 limites
369 3495 497 3559 (scienter);
519 3512 549 3540 on
573 3511 602 3541 en
624 3495 665 3541 tait
686 3496 746 3540 done
771 3511 801 3539 un

258 3584 329 3629 usage
346 3568 489 3612 eonvenoble
508 3577 533 3613 et
553 3583 616 3629 tage.
632 3594 663 3602 —
681 3570 712 3612 Et
731 3577 757 3611 ut
774 3583 802 3611 oe

257 3641 365 3687 dedeceat
378 3651 444 3685 :et
458 3650 554 3685 utantur
568 3638 603 3685 ita
618 3649 644 3684 ut
656 3657 683 3685 oe
694 3639 801 3685 dedeceat

258 3714 287 3759 its
302 3719 338 3758 otr'
352 3730 357 3757 :
373 3732 383 3755 ι
396 3713 445 3757 s'en
457 3712 531 3757 servir
541 3713 571 3757 de
589 3711 691 3757 muniere
704 3712 801 3757 ian'etre

255 3785 339 3844 jamnis
349 3784 495 3845 diagraeieox
505 3803 516 3824 n
528 3783 590 3845 (idee
603 3783 742 3829 d'intention
751 3804 762 3824 ι
774 3801 802 3828 eo

257 3855 355 3901 eeillaot
370 3857 413 3900 is...
433 3873 443 3896 ι
458 3872 463 3899 :
477 3854 537 3899 delii
557 3853 592 3899 ita
607 3864 632 3898 ut
646 3870 682 3899 ne.
700 3856 763 3899 Pour
776 3864 801 3897 at

258 3944 286 3973 oa
299 3943 327 3972 ιιι
340 3928 386 3972 lieu
402 3928 431 3972 de
441 3942 478 3980 rar,
489 3925 519 3970 el.
537 3941 620 3970 encore
634 3933 672 3979 tt»,
686 3924 747 3988 464).
764 3927 802 3970 Ci-

258 4001 328 4045 ce'roo
344 3999 425 4045 insiste
451 4009 601 4044 sourentsur
638 3999 659 4042 la
687 3996 801 4043 necessite

259 4088 319 4132 pour
335 4072 448 4116 l'orateur
464 4071 495 4114 du
510 4069 615 4114 decoram
635 4066 673 4129 (ee
688 4067 800 4133 apertos).

259 4143 295 4189 Cf.
321 4143 403 4204 dej'a§
426 4148 479 4198 ttto,
498 4140 533 4185 ita
547 4151 572 4184 ut
593 4140 683 4198 deceat,
703 4152 726 4185 et
750 4141 801 4201 plus

259 4216 318 4260 bas:
347 4223 446 4273 «caput
467 4227 517 4257 esse
534 4211 591 4256 artis
606 4211 733 4267 decemo,
756 4214 800 4266 lll,

261 4294 298 4339 ts,
314 4292 372 4336 2123
385 4286 455 4329 Orat.
472 4291 511 4339 tt,
524 4289 562 4329 71.

290 4364 313 4403 7.
326 4356 391 4401 Sicut
403 4372 462 4399 uaris
470 4355 660 4417 paterfamilias,
671 4372 759 4402 comme
771 4374 802 4402 un

260 4430 305 4474 bon
317 4426 372 4487 pere
385 4427 414 4470 de
427 4424 515 4470 lamille
527 4426 637 4485 ettinger
649 4430 663 4470 e
675 4435 751 4471 tontes
764 4444 801 4473 ees

260 4499 389 4561 questions,
402 4497 549 4543 e'est-ia-dire
562 4513 652 4542 comme
664 4499 685 4543 le
700 4499 802 4558 premier

259 4575 352 4632 citoyen
365 4586 434 4632 venat,
450 4586 479 4615 un
494 4570 592 4632 profane
603 4571 644 4629 qui
662 4571 729 4629 parte
746 4584 801 4615 aree

852 2085 894 2113 soa
913 2071 959 2114 bon
976 2086 1029 2115 sens
1045 2081 1069 2115 et
1087 2086 1111 2114 sa
1132 2068 1246 2115 reflexion
1270 2069 1400 2115 naturelle.

853 2138 889 2186 Cf.
902 2146 940 2199 tl,
958 2149 997 2186 ttt
1015 2159 1020 2186 :
1036 2163 1047 2183 a
1064 2141 1131 2202 quasi
1150 2158 1209 2186 unua
1228 2157 1241 2186 e
1261 2150 1400 2203 togatorum

852 2228 950 2258 narmero
962 2230 988 2268 »ς
1003 2219 1042 2268 st,
1059 2220 1112 2259 tet.
1130 2215 1226 2259 Crassus
1244 2228 1276 2257 ae
1297 2228 1401 2273 maraque

851 2283 935 2343 jornais
944 2286 974 2329 da
989 2285 1074 2330 definit
1087 2300 1130 2329 son
1144 2284 1247 2329 attitude
1262 2284 1322 2328 daos
1334 2293 1399 2328 cette

852 2355 980 2401 discussion
996 2372 1035 2401 sur
1044 2355 1189 2416 l'e'loquenee
1206 2374 1211 2400 :
1227 2356 1285 2400 c'est
1298 2355 1359 2400 celle
1370 2355 1399 2398 de

852 2427 962 2473 l'ltomme
968 2428 1000 2473 du
1008 2428 1102 2481 monde,
1109 2427 1168 2489 qnia
1177 2427 1401 2472 desconnaisaanees

852 2498 973 2561 generales
981 2508 1005 2545 et
1015 2500 1102 2561 l'esprit
1113 2499 1242 2561 definesse.
1255 2500 1275 2543 ll
1290 2499 1399 2557 s’oppose

854 2587 882 2615 au
901 2570 1044 2631 specialiste,
1058 2569 1166 2630 rheteur,
1186 2570 1281 2615 homme
1300 2566 1399 2630 d'eeole,

854 2639 951 2699 pedant,
964 2641 1004 2700 qui
1017 2656 1046 2685 ne
1063 2641 1178 2700 jureque
1192 2655 1236 2699 par
1255 2639 1288 2684 les
1309 2638 1397 2700 regles.

853 2712 913 2756 alors
926 2727 971 2770 qae
987 2722 1036 2758 tant
1049 2712 1079 2757 de
1089 2713 1171 2757 elioses
1180 2711 1234 2756 n'en
1248 2720 1397 2771 comportent

853 2799 903 2843 pos
915 2809 947 2818 -
960 2785 1024 2829 Unus
1037 2799 1066 2828 au
1076 2798 1128 2828 sens
1145 2781 1241 2828 indefini
1258 2781 1300 2843 (=
1315 2797 1373 2826 ames
1386 2798 1396 2825 e

852 2855 943 2914 riseritis)
969 2865 1004 2900 est
1028 2853 1173 2900 d'ordinaire
1187 2853 1346 2915 accompagae
1368 2855 1396 2898 de

852 2925 925 2986 quivis
936 2925 1005 2972 -el.
1019 2922 1051 2981 εἷς
1060 2943 1133 2983 τις-
1142 2923 1216 2987 (Brut.
1232 2932 1270 2980 ot,
1283 2931 1345 2978 ³20;
1356 2940 1396 2982 pro

853 3001 922 3043 Coeo.
937 3004 975 3052 Ἠ,
999 2995 1038 3058 62³.)
1052 3012 1083 3042 ou
1103 2999 1133 3042 de
1156 2995 1245 3057 aliquia
1264 2996 1315 3055 (pra
1334 2998 1393 3040 Sest.

853 3076 876 3121 8,
891 3076 933 3122 ttt3
947 3068 976 3112 de
990 3067 1046 3130 Off.
1057 3069 1087 3121 ll,
1102 3074 1139 3122 tt,
1152 3067 1198 3130 rt).
1214 3068 1355 3128 Cependant
1365 3081 1394 3110 oa

853 3142 874 3186 lc
887 3151 970 3186 trouve
983 3142 1043 3187 aussi
1060 3139 1169 3200 employe
1184 3139 1234 3183 seul
1249 3156 1254 3182 :
1271 3139 1303 3183 ad
1323 3136 1393 3184 Aoic.

855 3215 895 3269 ΙΧ,
912 3218 972 3274 to‚2
987 3230 992 3257 ι
1009 3212 1097 3274 equod
1108 3227 1183 3257 non...
1197 3211 1337 3270 Pompeium
1349 3219 1396 3254 tao-

854 3300 923 3346 qoam
943 3300 1001 3328 unus
1013 3282 1164 3343 manipularis
1176 3291 1270 3326 secutus
1282 3281 1325 3326 sim
1343 3301 1363 3326 ι.

886 3364 909 3402 8.
924 3359 1008 3416 Captet.
1020 3357 1054 3401 Cf.
1070 3361 1108 3406 38,
1126 3360 1183 3412 t503
1200 3355 1231 3407 ll,
1247 3359 1286 3409 82,
1300 3358 1354 3398 ³³7.
1366 3377 1396 3387 -

855 3431 950 3474 Decere.
971 3426 1006 3473 Cf.
1030 3428 1098 3473 Orat.
1122 3431 1161 3479 22,
1186 3429 1215 3469 74
1237 3437 1243 3471 :
1274 3441 1286 3465 a
1312 3424 1396 3469 decere

855 3497 922 3559 quasi
936 3507 1015 3556 aptum
1027 3511 1078 3541 esse
1093 3504 1321 3552 consentaneamque
1336 3503 1395 3537 tem·

856 3569 908 3630 pori
936 3579 960 3612 et
984 3583 1097 3629 personae
1122 3587 1143 3609 ι.
1168 3566 1320 3610 Convenanee
1345 3565 1397 3609 d'od

857 3640 943 3686 resulte
954 3640 1089 3701 l'agreable‚
1102 3641 1125 3684 le
1138 3639 1206 3683 berra.
1220 3640 1307 3684 Becare
1320 3647 1356 3681 est
1369 3650 1397 3680 eo

857 3711 956 3756 relation
965 3725 1020 3755 arec
1027 3709 1101 3754 decor.
1112 3706 1253 3771 Quintiliae,
1260 3707 1302 3762 XI,
1310 3711 1333 3760 3,
1342 3710 1383 3750 ttt
1392 3722 1396 3747 :

857 3806 868 3824 ι
883 3797 981 3829 unum...
993 3779 1142 3826 adiciendum
1155 3789 1200 3834 est,
1210 3793 1261 3824 cum
1272 3777 1398 3840 praecipue

856 3855 879 3899 ia
899 3853 991 3898 actione
1010 3861 1129 3913 spectetur
1146 3852 1236 3895 decor:
1251 3865 1324 3910 saepe
1337 3846 1398 3892 aliud

856 3925 914 3970 alios
929 3924 1047 3969 decere».

887 4002 934 4040 s-e.
960 3993 1056 4041 Artis...
1067 4004 1126 4038 arte.
1141 3992 1204 4038 Ainsi
1221 3992 1276 4036 l'art
1288 3988 1397 4035 veritable

857 4084 880 4113 ae
898 4082 964 4128 passe
978 4067 1008 4111 de
1023 4067 1087 4119 l'art,
1103 4063 1251 4110 dest-‘adire
1263 4064 1305 4108 des
1314 4062 1397 4122 regles.

856 4139 1007 4200 Rapproeher
1019 4140 1042 4183 le
1055 4147 1104 4183 mot
1114 4138 1144 4181 de
1159 4136 1239 4182 Pascal
1257 4152 1262 4178 :
1275 4149 1288 4178 ι
1300 4135 1321 4178 la
1336 4132 1398 4177 vraie

857 4211 987 4272 eloquente
1011 4226 1035 4254 se
1055 4223 1141 4270 meque
1156 4208 1186 4252 de
1205 4204 1353 4266 l'eloqaeaae
1375 4218 1401 4247 r.

858 4285 927 4328 Orot.
943 4288 982 4335 21,
999 4287 1028 4326 70
1047 4299 1053 4326 ι
1072 4296 1083 4325 a
1098 4279 1200 4325 atenim
1220 4278 1244 4322 ia
1256 4277 1314 4340 vita,
1329 4276 1362 4320 sie
1376 4273 1398 4319 ia

857 4353 964 4396 oratione
985 4350 1043 4396 nihil
1065 4360 1100 4396 est
1120 4348 1237 4394 difficilius
1256 4361 1327 4406 quom
1343 4343 1399 4407 quid

857 4426 940 4469 deceat
950 4424 1028 4468 videre
1044 4438 1067 4469 r.
1088 4424 1120 4467 Le
1132 4421 1192 4474 voir,
1205 4419 1262 4464 c'est
1278 4416 1359 4462 all'aire
1371 4416 1399 4461 de

857 4495 994 4546 sentiment,
1026 4494 1056 4538 de
1085 4502 1142 4547 tart,
1174 4491 1198 4536 d’
1223 4505 1235 4536 a
1265 4488 1339 4548 esprit
1371 4487 1399 4530 de

857 4567 938 4613 finesse
952 4583 974 4613 o.
