3292 5422
289 490 345 546 toa

555 448 561 458 ’
623 487 675 541 nn
702 487 926 564 onaronu,
953 488 1032 542 mn.
1065 489 1087 543 1.

287 633 318 687 et
348 621 509 687 Dracone
540 631 574 687 et
598 618 724 689 Solone
753 634 886 687 nostras
916 618 1008 713 leges
1042 618 1202 690 conferre
1237 620 1432 690 volueritis.

286 742 494 812 Incredibile
515 756 566 811 cst
591 741 695 826 enim,
717 768 819 835 qutun
837 743 880 811 sit
897 767 999 812 omne
1019 742 1071 811 ius
1093 743 1192 813 civile
1209 758 1350 838 praeter
1368 744 1437 812 hoe

286 872 441 927 nostrum
478 855 692 926 inconditum
719 882 759 926 ac
786 882 895 952 paene
929 857 1131 945 ridiculum3
1158 859 1201 928 de
1225 885 1297 954 quo
1327 860 1434 927 multa

286 974 379 1043 soleo
400 974 434 1041 in
456 972 672 1042 sermonibus
699 972 881 1041 cotidianis
901 973 1031 1057 dicere,
1058 999 1136 1043 cum
1164 975 1347 1043 hominum
1374 1000 1433 1043 no·

252 1098 269 1151 5
284 1105 433 1158 strorum
446 1089 663 1183 prudentiam
675 1088 799 1157 ceteris
808 1089 1009 1158 omnibuset
1019 1090 1165 1158 maxime
1175 1091 1322 1160 Graecis
1331 1106 1432 1160 ante·

283 1230 388 1300 pono.
414 1204 476 1272 His
500 1230 565 1299 ego
593 1205 635 1274 de
661 1205 771 1272 causis
793 1204 959 1288 dixeram,
982 1206 1157 1291 Scaevola,
1179 1205 1231 1290 iis,
1257 1207 1318 1300 qui
1349 1232 1433 1300 pcr-

284 1319 364 1390 lecti
392 1335 546 1389 oratores
570 1345 643 1390 esse
672 1320 811 1401 vellent,
841 1319 924 1388 iuris
949 1319 1058 1389 civilis
1094 1345 1166 1391 esse
1194 1321 1432 1417 cognitionem

282 1436 521 1505 necessariam.

332 1553 440 1619 XLV.
471 1557 555 1639 [198]
577 1555 647 1619 lum
667 1576 748 1620 vero
771 1550 843 1644 ipsa
862 1574 926 1643 per
947 1576 1020 1621 sese
1038 1568 1204 1646 quantum
1223 1552 1358 1623 adferat
1376 1553 1427 1636 iis,

233 1684 266 1739 10
283 1665 340 1759 qui
365 1666 395 1736 ei
416 1681 593 1760 praesunt,
617 1666 771 1749 lionoris,
795 1665 939 1759 gratiae,
961 1667 1150 1761 dignitatis,
1173 1668 1249 1762 quis
1269 1667 1430 1762 ignorat?

283 1784 415 1876 ltaque,
434 1798 472 1851 ut
486 1782 578 1877 apud
594 1785 748 1851 Graecos
764 1780 872 1848 inlimi
891 1781 1049 1851 lromincs
1066 1783 1264 1852 mercedula
1288 1783 1429 1852 adducti

283 1897 455 1967 ministros
481 1924 516 1967 se
545 1898 711 1991 praebent
737 1897 771 1965 in
799 1895 935 1964 indiciis
963 1897 1170 1983 oratoribus,
1201 1898 1309 1994 liqui
1336 1898 1427 1992 apud

283 2012 357 2081 illos
384 2022 597 2110 πραγματικαὶ
626 2027 807 2095 vocantur,
835 2011 884 2079 sic
923 2012 957 2079 in
993 2028 1108 2082 nostra
1139 2013 1278 2084 civitate
1308 2029 1428 2083 contra

311 2244 359 2289 NG.
379 2250 401 2288 7.
417 2242 571 2303 cognitionem
586 2258 634 2287 erse
647 2242 711 2303 vulg.

315 2457 334 2494 t.
353 2451 448 2494 ll'astraa
461 2447 534 2509 leges.
553 2450 644 2494 Encore
662 2457 724 2493 cette
735 2447 822 2507 exagi-

280 2521 357 2565 ration
369 2519 527 2580 patriotique,
543 2518 645 2578 aignalic
661 2535 690 2564 au
709 2517 779 2562 debut
792 2516 825 2561 du

280 2594 386 2655 clrapitre
401 2594 442 2654 (el.
459 2592 626 2653 &galementffi
641 2599 678 2647 tt,
689 2608 716 2637 ee
731 2608 777 2653 que
790 2591 825 2636 dit

278 2665 377 2713 Ciciron
389 2666 431 2710 dea
440 2665 535 2725 ingenia
551 2674 675 2708 nostrorum
690 2661 823 2722 lavercinum).

278 2740 311 2783 Le
324 2737 386 2782 droit
399 2737 489 2781 romain
504 2736 544 2796 qni
560 2753 573 2781 a
586 2735 624 2780 ete
646 2735 666 2779 la
685 2735 739 2779 base
757 2734 787 2778 de
802 2733 823 2776 la

280 2808 410 2869 legislation
433 2807 492 2852 chen
512 2807 547 2853 lea
570 2806 668 2867 peuplea
690 2805 823 2858 modernos,

279 2889 313 2924 cat
325 2880 347 2924 le
357 2878 420 2923 droit
434 2878 467 2923 tel
481 2894 527 2939 qne
538 2878 597 2923 l'ont
616 2873 781 2938 perfectionne
792 2876 825 2920 lea

279 2951 366 3011 grande
386 2949 566 3010 jurisconsultea
597 2949 626 2993 dc
652 2948 762 3008 l'epoqua
781 2948 824 2991 dea

278 3021 402 3072 Antonine,
417 3021 438 3066 le
454 3021 517 3065 droit
529 3020 645 3065 inlluence'r
657 3035 701 3080 par
714 3019 734 3063 la
743 3018 822 3079 philo·

277 3093 359 3152 sophie
371 3092 507 3137 stoicienne.
519 3090 580 3137 Maia
590 3091 625 3137 lea
636 3091 678 3136 loia
687 3089 823 3151 auxquellcs

277 3178 351 3224 conge
376 3173 467 3208 aurtout
482 3161 583 3209 ciceron
603 3163 660 3207 dana
675 3177 702 3206 ce
714 3175 822 3220 passage,

278 3234 311 3278 lea
322 3234 366 3279 xtl
379 3233 473 3295 Tables,
494 3233 582 3292 malgri
594 3232 687 3293 l’esprit
700 3231 822 3292 juridique

278 3303 319 3363 qui
333 3302 384 3361 alja
394 3303 426 3362 ἐς
443 3304 486 3348 luit
496 3304 559 3361 jour,
575 3320 604 3348 na
616 3303 729 3349 miritent
740 3317 783 3363 pao
791 3317 822 3346 un

278 3373 309 3417 tel
323 3372 400 3433 iloge.
414 3374 449 3418 En
461 3383 512 3418 tout
524 3389 571 3426 eas,
587 3376 609 3419 le
627 3373 669 3419 luit
682 3374 711 3417 de
723 3373 775 3418 leur
787 3383 823 3417 nt·

277 3443 368 3487 trilmer
380 3442 401 3485 la
413 3434 552 3503 ¹superinniti
561 3459 599 3488 aur
611 3444 683 3488 cellen
696 3444 738 3488 dea
750 3443 822 3492 Athl-

278 3513 345 3557 niena
371 3523 428 3572 pem
453 3518 557 3573 parnltre
581 3513 702 3575 ningulier,
729 3514 764 3558 s'il
789 3523 822 3559 est

277 3584 336 3644 vrai,
347 3600 436 3628 crunnte
444 3584 567 3628 'lite-live
577 3583 598 3627 le
608 3585 708 3643 pretend
723 3584 773 3644 (lli,
782 3592 794 3627 :l
802 3593 821 3640 Ι,

276 3655 310 3715 a),
325 3655 425 3716 qu'clles
445 3654 578 3700 dirivaient
602 3672 631 3700 en
659 3655 736 3714 partie
753 3657 782 3701 de
799 3657 820 3700 la

275 3726 406 3790 lifgialation
420 3729 450 3772 de
460 3728 533 3772 Solon
544 3726 621 3788 (missi
632 3727 710 3786 legati
718 3728 822 3771 Artena:

275 3800 283 3840 i
286 3796 378 3857 usique
390 3799 485 3842 inclitas
493 3796 557 3858 leges
570 3797 664 3841 Solonis
672 3796 819 3858 describere).

305 3876 357 3914 2-3.
381 3872 454 3928 Quam
473 3869 534 3916 ait...
556 3869 690 3920 ridiculum,
715 3869 768 3928 plus
783 3885 821 3913 ex·

274 3941 361 4000 preasil
367 3957 413 4001 que
422 3956 520 4002 quam...
536 3939 660 3984 ridiculum
671 3940 711 3984 sit.

304 4019 326 4055 5.
346 4010 433 4056 Cetaria
444 4009 820 4054 amnibuszrctercrnmomnium

271 4081 416 4141 prudentiae.
433 4081 530 4141 Cl.plua
544 4081 601 4126 haut
614 4099 694 4126 ram...
712 4085 821 4142 Lycurgo

273 4164 294 4196 ε’
309 4155 422 4200 Dracone.

306 4232 328 4270 7.
347 4229 371 4271 V
371 4224 450 4268 altem.
461 4222 631 4282 Subjonctil‘du
640 4225 701 4283 stile
712 4223 818 4272 indirect.

307 4304 329 4341 tt.
348 4298 398 4340 Iam
414 4311 470 4338 raro.
486 4293 522 4340 (ΣΙ.
540 4302 563 4342 t.
577 4303 599 4338 a.
618 4320 650 4329 -
665 4297 730 4354 lpan,
749 4315 760 4334 ι
778 4310 819 4353 par

274 4365 418 4415 elle-meme,
431 4365 443 4410 ¹a
456 4366 500 4409 ellc
515 4366 578 4410 reule
600 4386 619 4418 n,
635 4382 686 4410 anns
705 4365 769 4410 avoir
779 4367 819 4410 be·

274 4433 324 4478 coin
338 4436 368 4478 de
386 4435 488 4494 quelque
506 4446 572 4480 autre
590 4452 692 4489 seronra,
710 4436 740 4479 dc
757 4436 818 4480 celui

275 4505 304 4548 dc
318 4504 465 4564 l'iduquence
478 4522 521 4565 par
534 4507 640 4568 exemplu
653 4506 693 4566 (cl.
709 4507 762 4566 plus
778 4507 818 4551 baa

274 4575 297 4618 io
318 4575 472 4636 rcrporrr'aadn
496 4579 547 4621 iure
577 4577 713 4622 auctoritare
733 4578 816 4637 plus...

880 2448 999 2510 valerent).
1012 2450 1131 2494 -Perae
1144 2465 1173 2495 nc
1187 2449 1230 2494 l'ait
1243 2465 1290 2511 que
1308 2451 1428 2497 renforcer

879 2533 938 2580 ipsu.

912 2597 949 2638 lo.
968 2594 1091 2637 Praestent.
1105 2592 1142 2638 Cf,
1160 2599 1198 2646 tt,
1213 2599 1265 2638 186.

912 2669 949 2707 tt.
972 2665 1030 2709 Ut...
1063 2661 1097 2706 sic
1118 2663 1252 2723 expriment
1270 2663 1361 2722 parloia
1384 2680 1428 2709 nae

879 2733 1016 2792 oppositioni
1040 2743 1064 2778 et
1087 2750 1118 2779 un
1141 2743 1270 2790 contrane,
1291 2734 1354 2779 auaai
1373 2734 1428 2780 bien

878 2803 964 2863 qu'une
982 2804 1155 2865 comparaison.
1173 2805 1209 2851 (ll.
1230 2803 1260 2849 dc
1282 2807 1339 2851 Fa'o.
1361 2807 1380 2858 Ι,
1405 2814 1426 2857 t,

879 2881 891 2920 3
907 2884 932 2919 et
948 2875 969 2918 ln
985 2886 1041 2919 nete
1057 2876 1086 2920 de
1103 2874 1206 2937 Madvig.
1232 2875 1264 2919 lei
1280 2886 1362 2920 conam
1374 2878 1427 2938 pre·

877 2946 925 2990 cine
935 2945 1099 3006 l’oppositien.
1116 2972 1147 2981 -
1158 2948 1306 3003 Mamdula,
1318 2947 1425 2992 diminu-

878 3016 905 3061 til
920 3016 950 3061 de
965 3015 1069 3074 mepria:
1086 3036 1098 3058 ι
1115 3032 1145 3061 un
1159 3014 1283 3062 miadrable
1300 3017 1387 3063 salaire
1405 3037 1425 3061 a.

877 3088 914 3133 (ll.
931 3094 970 3141 22,
989 3092 1032 3132 {⁰2
1054 3105 1060 3131 :
1084 3109 1096 3129 a
1113 3087 1317 3149 quaestiunculam
1334 3108 1362 3144 ι;
1386 3096 1426 3143 ³8,

879 3165 938 3219 t7t;
957 3157 991 3203 ad
1003 3161 1078 3206 Arne.
1096 3160 1115 3213 l,
1135 3167 1172 3213 to,
1192 3168 1204 3205 ε
1226 3175 1231 3202 :
1259 3179 1272 3202 a
1298 3161 1426 3206 nummulis

877 3229 978 3290 acceptia
995 3249 1016 3275 a.

908 3307 946 3346 ⁴³·
966 3299 1153 3365 Πρὰγματικοῖ,
1165 3301 1321 3364 pragmatici,
1333 3318 1424 3349 eornm

876 3374 899 3418 lc
919 3373 1007 3419 truduit
1027 3373 1081 3432 plua
1100 3372 1150 3419 loia
1165 3373 1278 3425 Cieirron,
1298 3381 1340 3427 50,
1361 3381 1423 3427 2⁵³3

876 3442 934 3488 iuria
944 3448 1089 3504 interpretas,
1100 3443 1137 3489 dit
1143 3443 1286 3502 Quintilien,
1296 3445 1340 3499 ΙΙΙ,
1351 3452 1373 3499 6,
1384 3451 1422 3489 69.

876 3517 1022 3574 Moyennnnt
1035 3515 1128 3567 aalaira.
1149 3530 1187 3561 cea
1203 3514 1342 3574 praticiena,
1358 3514 1422 3560 auai-

875 3585 954 3631 liairea
964 3586 1006 3631 dea
1015 3596 1132 3643 auteurs,
1146 3587 1180 3632 lea
1191 3584 1424 3646 approviaionuaient

875 3659 905 3703 de
927 3667 978 3702 tom
1001 3658 1034 3702 lea
1062 3659 1203 3704 documenta
1224 3657 1325 3719 lpidcca,
1351 3668 1423 3713 actea,

876 3739 952 3775 textea
968 3731 998 3774 da
1009 3728 1063 3791 loia)
1074 3727 1216 3775 niceasairaa
1229 3731 1242 3774 i
1254 3729 1277 3775 la
1291 3729 1423 3775 ‹liaeuaaion

872 3800 1000 3860 juridiqne.
1016 3802 1059 3845 Cet
1073 3816 1143 3861 usage
1161 3815 1216 3861 grec
1233 3799 1267 3844 lut
1279 3799 1370 3861 adepti
1381 3815 1424 3862 par

874 3871 909 3916 len
925 3870 1034 3916 Romaim
1055 3871 1085 3915 de
1112 3869 1233 3932 l'Empire‚
1258 3871 1311 3915 'ala
1332 3871 1422 3933 grande

874 3942 1020 4003 indignation
1042 3942 1072 3986 de
1093 3940 1225 3998 Quintilien
1245 3940 1310 3999 (xtt,
1331 3948 1356 3996 3,
1377 3943 1421 4001 ⁴l²

875 4033 887 4054 a
907 4027 985 4072 noque
1005 4028 1051 4073 ego
1072 4028 1124 4058 aum
1140 4012 1213 4058 noant
1234 4014 1306 4058 moria
1329 4013 1423 4075 ignarua

873 4085 990 4129 oblitusve
1010 4100 1100 4142 enuun¹
1120 4083 1162 4144 qui
1183 4083 1249 4128 ralnt
1274 4082 1305 4129 ad
1331 4084 1423 4129 arculaa

873 4156 957 4199 sedent
975 4164 999 4198 ct
1013 4154 1060 4198 tela
1076 4153 1201 4214 agentibua
1219 4152 1421 4207 comministrum

873 4240 950 4284 nequa
967 4224 1027 4268 idern
1040 4225 1139 4268 Graccoa
1148 4238 1243 4284 quoque
1253 4222 1335 4269 nereio
1349 4221 1421 4269 faeti·

874 4306 943 4356 tasse,
964 4296 1025 4339 unde
1050 4310 1137 4339 nemen
1159 4295 1196 4339 hia
1222 4293 1422 4355 pragmaticorum

873 4368 953 4411 datum
972 4376 1007 4410 eat
1033 4385 1054 4412 a.
1088 4364 1185 4411 Juvenal
1219 4366 1297 4425 plaint
1323 4366 1423 4411 l'avoeat

874 4437 949 4482 ‹l'etrc
964 4437 1042 4495 obliga
1051 4437 1080 4481 ‹le
1096 4448 1207 4498 partager
1220 4452 1263 4481 aon
1273 4437 1424 4483 aalaircaaee

875 4518 896 4553 te
911 4507 1028 4568 praticien
1049 4508 1116 4563 (vlt.
1142 4505 1195 4569 122)
1219 4523 1225 4551 :
1253 4527 1264 4547 ι
1287 4507 1312 4553 Si
1336 4518 1423 4568 qnater

872 4578 950 4639 egisti,
959 4578 979 4623 ai
989 4576 1180 4639 contigitaureua
1188 4592 1254 4635 unua,
1265 4577 1327 4623 Inde
1335 4577 1423 4622 eadunt
