3292 5422
283 466 338 522 138

564 479 566 483 ¹
607 465 675 519 -na
704 462 924 534 onaroan,
954 463 1032 519 Lm.
1064 463 1087 519 ι.

282 596 582 666 innumerabilium
608 594 682 664 iura
708 608 907 679 versentur,'
927 619 1006 662 cum
1033 594 1174 668 omnino
1200 597 1284 691 quid
1311 624 1434 684 suum,

281 711 364 807 quid
382 712 544 796 alienum,
569 737 635 805 qua
656 735 693 780 re
715 709 866 803 denique
884 709 968 778 civis
984 725 1043 778 aut
1060 712 1280 807 peregrinus,
1306 739 1438 783 servus

281 843 340 897 aut
370 828 457 896 liber
486 827 656 922 quispiam
682 827 724 894 sit
756 826 904 920 ignoret,
929 825 1072 920 insignis
1096 843 1146 896 cst
1175 827 1431 922 impudentiae.

282 950 366 1033 [171]
395 943 456 1011 llla
483 968 566 1012 vero
583 940 773 1011 deridenda
791 941 987 1035 arrogantia
1007 955 1070 1026 cst,
1095 941 1129 1009 in
1151 943 1349 1014 minoribus
1374 970 1436 1015 na·

248 1071 265 1123 5
281 1057 380 1151 vigiis
396 1059 518 1128 rudem
530 1083 602 1128 esse
615 1082 649 1127 se
662 1055 831 1140 confiteri,
847 1056 1117 1151 quinqueremes
1127 1072 1240 1127 autem
1254 1075 1314 1129 aut
1326 1061 1436 1131 etiam

281 1175 427 1244 iuniores
444 1175 638 1269 gubernare
654 1172 827 1242 didicisse.
851 1175 905 1240 Tu
923 1171 1007 1240 milri
1028 1198 1106 1241 cum
1127 1173 1162 1242 in
1180 1175 1312 1245 circulo
1331 1177 1437 1246 deci-

281 1290 376 1383 piare
400 1290 586 1359 advcrsarii
617 1288 898 1384 stipulatiuncula
927 1303 961 1358 et
987 1313 1065 1357 cum
1096 1289 1256 1385 obsignes
1287 1292 1437 1362 tabellas

282 1405 415 1475 clientis
435 1407 496 1490 tui,
524 1405 649 1501 quibus
678 1405 713 1474 in
739 1403 872 1473 tabellis
895 1403 929 1472 id
954 1404 996 1473 sit
1016 1404 1181 1498 scriptum
1202 1432 1272 1501 quo
1292 1408 1353 1477 ille
1378 1434 1435 1477 ca·

282 1522 407 1614 piatur,
441 1546 506 1616 ego
536 1522 597 1590 tibi
635 1521 736 1589 ullam
770 1545 905 1589 causam
938 1520 1104 1590 maiorem
1145 1523 1435 1593 committendam

232 1653 266 1707 10
281 1635 423 1729 putem?
439 1637 552 1706 ‘Citius
577 1635 717 1705 hercule
743 1636 782 1719 is,
804 1635 863 1730 qui
881 1634 1030 1704 duorum
1058 1637 1263 1706 scalmorum
1286 1640 1434 1708 navicu·

283 1762 347 1829 lam
377 1762 412 1829 in
440 1775 542 1855 portu
570 1760 744 1848 everterit,
778 1760 812 1827 in
841 1759 977 1847 Euxino
1009 1776 1116 1856 ponto
1149 1767 1433 1857 Argonautarum

312 1959 361 2003 NC.
380 1964 402 2002 t.
416 1973 463 2017 qao
475 1973 504 2013 re
516 1957 606 2001 demum
620 1971 643 2000 m
658 1955 764 2003 Ellendt.
778 1980 808 1989 -
820 1962 840 1999 o.
859 1970 882 1999 se
899 1955 959 2000 omis
973 1971 1017 2016 par
1029 1955 1151 2018 11(tombri
1166 1959 1178 2002 'a
1193 1973 1261 2023 cause
1275 1957 1306 2005 de
1315 1956 1388 2021 esre).
1402 1985 1434 1995 -

281 2038 356 2073 etitem
372 2038 413 2073 orit
432 2031 476 2073 ul.
494 2043 522 2089 g;
537 2039 578 2072 ara
593 2028 647 2077 loe.
667 2053 699 2063 -
720 2034 742 2072 8.
765 2025 861 2071 scienti}
875 2029 904 2072 ll.
924 2052 956 2061 -
975 2034 997 2075 o.
1016 2027 1127 2073 maiorem
1153 2038 1221 2074 entre
1240 2029 1353 2075 croebets
1375 2030 1434 2074 elaea

281 2102 381 2160 Kayser.
400 2125 428 2134 -
444 2106 479 2143 tt.
496 2103 579 2143 euertit
596 2101 649 2144 lle.

315 2291 363 2331 1-3.
378 2285 441 2345 Quid
446 2300 513 2329 suram
522 2295 577 2341 etc,
587 2294 665 2330 tontes
676 2284 759 2329 choses
767 2284 824 2345 qu'il

281 2368 316 2403 est
336 2354 490 2401 ilementaire
511 2356 541 2401 de
561 2355 647 2402 savoie.
668 2381 700 2391 -
720 2359 772 2415 <ina
792 2372 825 2415 re,

283 2449 294 2471 κ
308 2427 436 2490 pourqnoi,
454 2429 466 2472 i
482 2428 538 2488 quel
555 2428 610 2473 titre
625 2445 647 2471 ι.
662 2453 694 2463 -
706 2431 799 2488 Ignorat
814 2443 825 2471 a

281 2516 343 2562 pour
365 2500 426 2559 aniet
447 2498 470 2543 le
488 2501 551 2558 qu'et
575 2499 746 2544 sous-entendu
767 2498 827 2561 (ati-

279 2571 357 2633 quem)
368 2571 398 2616 de
411 2569 526 2616 l'iniinitil
535 2568 642 2614 volitare.
657 2569 697 2616 Cl.
714 2577 736 2631 8,
751 2576 789 2615 30.

313 2651 334 2688 u.
348 2642 462 2689 Didieisre
478 2641 573 2701 dipend
587 2642 643 2686 d'un
658 2641 728 2687 verbe
740 2642 824 2703 dicere,

278 2712 384 2778 profiteri
395 2713 452 2774 qn'il
462 2712 511 2758 faut
523 2712 580 2759 tirer
587 2713 617 2758 de
624 2713 739 2775 confiteri.
748 2737 779 2747 -
793 2716 825 2758 Tu

280 2786 347 2838 initi,
359 2795 411 2830 tour
429 2784 576 2845 pathetique.
597 2787 640 2846 Tu,
657 2783 827 2828 interlocuteur

281 2854 349 2912 fietis,
361 2865 442 2901 avocat
460 2857 570 2915 ignorant
582 2855 665 2915 auquel
682 2856 777 2899 Crassus
790 2865 826 2899 est

281 2927 350 2973 censi
368 2927 501 2971 s’adresser.
521 2924 591 2980 Mitt,
615 2923 679 2970 datii
696 2926 726 2971 de
752 2925 825 2969 senti·

281 3010 340 3044 ruerit
354 2997 464 3060 (ethicum
480 2995 511 3042 ci.
526 2996 640 3042 Riemann
654 2999 724 3058 Synt.
734 2997 748 3057 ἓ
759 3003 787 3041 to
803 3012 826 3050 e,

281 3084 305 3128 p.
321 3067 502 3128 ιιι-1111111111
515 3067 624 3127 s'oppose
639 3084 682 3128 ego
694 3066 746 3113 tibi.
756 3093 787 3103 -
798 3070 826 3112 In

281 3139 375 3186 circulo.
395 3137 483 3197 (11.111,
508 3145 566 3191 tw,
585 3154 636 3183 sens
655 3155 686 3184 un
706 3154 750 3198 peu
771 3139 827 3199 plus

281 3210 390 3256 reatreint
401 3208 525 3254 toutefois.
535 3211 568 3256 lci
578 3231 589 3251 n
599 3209 697 3255 reunion
710 3210 828 3255 d’allaires

280 3290 346 3326 eutrc
363 3279 521 3342 porticalium,
543 3281 696 3325 render-vous
715 3280 783 3342 privis
804 3301 826 3343 s,

282 3353 312 3396 oli
328 3351 376 3395 l'on
395 3364 453 3410 peut
468 3352 545 3396 micux
566 3367 612 3410 quc
631 3353 718 3397 derant
735 3368 765 3396 un
783 3353 825 3397 tri·

283 3422 353 3465 bunal
367 3422 445 3482 public
460 3421 547 3481 garder
561 3437 584 3465 se
601 3416 714 3481 pri-serice
729 3424 828 3482 d'esprit

283 3503 306 3537 et
326 3493 433 3553 disponer
456 3493 486 3536 de
508 3501 560 3536 tous
577 3507 613 3536 scs
633 3508 738 3555 motans,
758 3497 786 3537 oir
810 3494 826 3537 il

282 3574 317 3608 est
331 3563 390 3608 done
399 3564 451 3622 plus
463 3562 659 3622 impardoonable
673 3565 702 3608 dc
714 3580 737 3609 se
747 3565 828 3610 laisscr

283 3645 396 3695 tromper.

313 3713 336 3751 7.
351 3705 562 3767 stipulatiuncula.
575 3708 607 3753 La
614 3705 743 3769 stipulatio,
754 3723 825 3768 enga-

282 3787 373 3839 gement
386 3777 464 3823 verbal
476 3776 528 3823 crisi
542 3794 587 3839 par
602 3778 623 3823 le
639 3778 725 3839 simple
739 3777 825 3823 sinonci

281 3849 353 3894 d'nne
365 3849 479 3894 formale:
493 3865 524 3894 on
536 3850 592 3894 s’est
602 3847 692 3910 engagi
703 3864 732 3895 en
741 3849 827 3910 ripon·

282 3921 340 3966 dant
353 3936 383 3964 nn
396 3919 435 3964 out
453 3936 484 3964 ou
500 3935 530 3964 uu
547 3937 599 3965 noa.
620 3940 631 3961 a
647 3922 688 3966 Est
701 3921 824 3966 verborum

282 3991 414 4052 conceptio,
432 3992 461 4035 ad
481 4007 549 4051 quam
572 3992 624 4050 quis
640 4007 743 4053 congrue
756 3993 826 4036 inter-

281 4074 375 4123 rogatas
389 4062 525 4122 respondet.
539 4062 602 4107 reiut
618 4063 739 4121 Spondet?
749 4067 824 4122 Spon-

282 4135 337 4178 deo:
352 4132 446 4179 Dabis?
455 4132 530 4186 Dabo,
539 4143 583 4178 etc.
601 4133 676 4191 (Paul,
686 4136 751 4179 Seut.
762 4136 794 4188 ll,
802 4141 825 4189 3,

285 4212 293 4249 1
304 4219 310 4256 ;
331 4204 386 4263 Dig.
403 4205 473 4265 XLV,
488 4203 526 4248 tit.
543 4211 563 4266 1,
580 4212 602 4256 o,
620 4204 633 4264 ᾖ
651 4210 671 4251 1.
689 4204 725 4249 Cf.
744 4206 825 4257 Graius,

285 4276 327 4336 lll,
335 4280 363 4317 92
373 4283 397 4317 et
408 4273 635 4334 suiv.).—OEsignes
644 4275 760 4319 tabellas:
776 4295 786 4316 a
801 4285 825 4319 tu

284 4355 351 4399 mets,
370 4360 398 4387 au
417 4359 471 4387 nom
488 4344 518 4388 de
534 4354 574 4389 tou
588 4345 669 4396 client,
687 4357 728 4390 ton
744 4347 826 4392 carhet

284 4433 323 4460 sur
335 4431 365 4459 ua
376 4423 435 4468 aete,
453 4430 494 4458 sur
506 4431 535 4460 un
555 4428 710 4477 engagement
726 4418 785 4462 ierit
803 4438 825 4470 »,

284 4503 344 4547 pour
351 4486 381 4529 lui
389 4487 479 4529 donner
488 4486 540 4544 plus
552 4487 583 4531 dc
594 4485 654 4531 soree
664 4487 825 4548 (l'appoaition

285 4560 317 4604 du
335 4559 418 4602 cacbet
437 4557 518 4602 u'itait
541 4573 583 4616 pas
605 4557 744 4613 accesserim,
768 4562 826 4605 mais

881 2285 959 2331 c'e'tait
981 2300 1026 2331 une
1045 2301 1138 2333 mesore
1155 2287 1185 2332 de
1205 2285 1358 2350 prieaution)
1378 2310 1390 2331 ι
1408 2300 1432 2335 et

881 2365 918 2401 eet
939 2366 990 2402 acte
1011 2357 1115 2402 contient
1136 2355 1295 2418 pricisiinent
1313 2359 1344 2405 de
1372 2360 1430 2419 qnoi

881 2423 936 2470 inire
946 2426 1090 2472 condemner
1100 2435 1143 2471 ton
1157 2427 1229 2473 client
1243 2446 1264 2472 ι.

913 2505 934 2542 8.
952 2496 1042 2557 Quibus
1053 2496 1078 2543 in
1091 2497 1196 2544 tabellis.
1209 2497 1347 2558 Reipr'etition
1361 2499 1430 2560 apris

881 2568 903 2613 le
919 2567 1000 2613 retntit
1010 2569 1042 2614 dn
1058 2569 1186 2615 substantii
1199 2568 1349 2626 antecedent,
1363 2587 1429 2618 asses

881 2638 1003 2700 frequente
1021 2640 1079 2685 cbez
1097 2639 1205 2694 Cieiron,
1226 2640 1280 2701 plns
1299 2640 1428 2704 friqnente

881 2710 937 2754 chen
957 2708 1036 2773 Cisar,
1060 2710 1106 2756 soit
1126 2727 1188 2771 pour
1207 2713 1300 2758 donner
1323 2712 1378 2773 plus
1398 2715 1427 2758 de

880 2780 953 2826 clartd
967 2782 979 2824 i
997 2782 1018 2826 la
1029 2782 1122 2842 phrase,
1135 2782 1182 2827 soit
1194 2774 1258 2843 pour
1273 2784 1368 2829 insistes·
1383 2786 1427 2829 da-

880 2861 979 2912 vantage
988 2869 1028 2898 aur
1039 2853 1199 2914 l'eapression.
1211 2852 1248 2902 Cf.
1258 2855 1294 2900 les
1305 2856 1427 2916 exemplet

880 2923 911 2968 de
927 2924 1027 2969 Ciciron
1037 2925 1146 2986 eite'spar
1159 2925 1263 2977 Ellendt,
1275 2935 1293 2974 t.
1303 2928 1335 2981 11,
1348 2943 1373 2987 p.
1388 2932 1424 2970 11.

880 2995 942 3040 C'est
960 3011 990 3039 un
1008 3010 1077 3057 usage
1093 2994 1218 3056 emprunte
1233 3011 1284 3040 anns
1297 2999 1369 3042 doute
1383 3012 1426 3042 anx

881 3065 923 3109 lois
932 3076 955 3111 et
963 3082 1005 3111 aux
1015 3067 1125 3112 formales
1132 3069 1162 3112 de
1170 3067 1234 3112 droit
1242 3068 1284 3128 qui
1293 3083 1324 3113 nc
1331 3068 1426 3113 doivent

880 3138 990 3183 contenir
999 3154 1088 3183 aucune
1099 3137 1237 3201 ambiguitis.
1251 3138 1352 3184 Cicirron
1362 3139 1426 3184 imite

881 3209 939 3253 dans
959 3219 1025 3254 notre
1044 3225 1140 3271 passage
1161 3209 1193 3255 les
1213 3210 1340 3255 ltabitndes
1357 3211 1387 3255 de
1405 3210 1425 3254 la

880 3281 966 3341 langue
976 3280 1106 3341 juridiquc.

914 3360 951 3396 111.
965 3351 1042 3397 Citius
1055 3370 1083 3393 =
1089 3352 1203 3413 facilins,
1214 3352 1300 3414 potiar.
1315 3353 1425 3402 etune.

882 3430 919 3486 117,
934 3429 979 3467 ’.11111
992 3441 997 3466 :
1015 3443 1025 3462 a
1035 3422 1104 3467 citius
1113 3424 1277 3470 veteratoriam
1290 3440 1362 3485 quam
1374 3440 1426 3470 ora·

881 3493 966 3538 tarium
980 3493 1069 3537 diceres
1082 3512 1093 3534 u
1102 3511 1109 3549 ;
1118 3509 1160 3552 pm
1171 3492 1224 3554 dig.
1235 3501 1259 3548 ts,
1272 3501 1299 3538 ta
1308 3511 1315 3549 ς
1324 3494 1425 3556 Pttttpp.

882 3565 913 3617 ll,
926 3570 1015 3618 tt‚aa;
1026 3565 1162 3620 Tite-Lice,
1172 3566 1257 3618 XXlV,
1267 3572 1290 3617 3,
1299 3572 1342 3611 tc:
1355 3580 1367 3611 a
1378 3581 1427 3610 mo·

880 3635 966 3681 rituros
978 3651 1002 3679 sc
1015 3634 1320 3696 affirmabantcitiusqnam
1330 3635 1427 3681 immixti

881 3705 978 3753 Bruttiis
994 3706 1017 3752 in
1037 3706 1126 3752 alienos
1140 3707 1227 3754 ritus...
1244 3717 1394 3752 verterentur
1405 3727 1426 3753 ·.

879 3804 911 3814 -
929 3781 1030 3823 Duorum
1052 3776 1233 3832 reclusorum...
1261 3798 1273 3821 ι
1287 3778 1364 3823 anrait
1384 3777 1425 3824 l'ait

880 3849 986 3894 citavircr
1009 3866 1054 3894 rrae
1077 3850 1167 3911 barque
1190 3852 1202 3895 i
1228 3851 1288 3894 deux
1317 3864 1425 3894 rameru.

879 3922 996 3984 Scalmus,
1015 3921 1036 3966 la
1059 3922 1161 3966 cheville
1183 3920 1225 3981 qui
1243 3930 1293 3966 sert
1310 3922 1343 3966 de
1362 3921 1428 3981 point

880 3992 976 4052 d'appui
992 3995 1005 4035 t
1022 3994 1043 4036 ln
1063 4007 1126 4037 rame
1144 4008 1184 4037 sur
1200 3993 1222 4039 le
1238 3992 1347 4053 bordage
1362 3991 1429 4049 (renti

879 4065 942 4106 cirea
959 4063 1058 4107 rcabuos
1074 4062 1172 4125 strophis
1191 4062 1300 4124 religati,
1323 4063 1427 4115 Vitruve,

880 4136 910 4183 x.
920 4140 943 4189 3,
953 4134 989 4196 6),
1002 4133 1040 4198 ici,
1056 4134 1078 4178 la
1088 4150 1153 4180 rame
1165 4134 1427 4181 ellendune-Navi·

880 4205 966 4260 culam,
983 4227 994 4246 α
1009 4222 1052 4251 une
1067 4205 1185 4251 nre'riante
1199 4208 1290 4267 bneque
1306 4220 1328 4251 a.
1345 4207 1388 4252 sor
1404 4205 1426 4250 la

881 4279 961 4322 valeur
977 4279 1008 4321 du
1031 4277 1161 4333 diminutis,
1184 4276 1216 4326 el'.
1235 4285 1258 4329 2,
1282 4286 1308 4332 ῦς
1337 4283 1375 4331 tt,
1397 4282 1424 4321 16

879 4347 1048 4395 rontitmculos.

913 4427 949 4463 tt.
965 4423 1167 4479 Argonautarum.
1190 4420 1223 4463 Le
1237 4416 1426 4478 ligendairena·

880 4491 929 4534 vire
948 4493 1007 4552 Argo
1025 4488 1119 4553 (Ἀργὼ
1138 4487 1324 4552 πασιμᾶλουσα,
1340 4488 1424 4550 otyss.

882 4563 936 4623 xtt,
955 4565 995 4623 70)
1008 4562 1056 4622 pris
1071 4577 1164 4606 comme
1181 4559 1289 4621 caemple
1304 4561 1335 4606 de
1349 4559 1427 4605 narire
