3292 5422
283 457 336 512 tat

613 463 668 516 DE
696 462 915 530 (tuatonis,
948 464 1025 518 LlB.
1058 464 1080 519 1.

279 591 421 682 quolam,
447 608 495 673 ut,
524 619 601 661 cum
621 618 675 674 ca,
699 619 787 688 quae
808 595 957 689 legeram
977 598 1126 680 Graece,
1151 596 1279 664 Latine
1299 593 1435 663 redde-

280 729 364 785 rem,
398 732 468 774 non
492 710 601 776 solum
633 709 772 802 optimis
800 711 912 779 verbis
939 725 1056 781 uterer
1075 727 1109 781 et
1138 728 1255 781 tamen
1276 712 1431 791 usitatis,

279 819 339 887 scd
358 823 460 890 etiarn
477 825 708 918 exprimerem
730 827 899 921 quaedam
911 828 1015 897 verba
1034 828 1214 913 imitando,
1227 854 1323 923 quae
1343 852 1435 896 nora

281 938 404 1006 nostris
419 956 543 1024 essent,
563 941 646 1009 dum
662 942 766 1010 modo
784 958 899 1013 essent
919 944 1055 1012 idonea.
1077 950 1161 1033 [156]
1183 947 1256 1012 lam
1277 944 1381 1012 vocis
1400 959 1434 1012 et

247 1075 264 1127 5
282 1053 421 1147 spiritus
438 1071 472 1124 et
490 1057 594 1125 totius
614 1059 773 1152 corporis
792 1075 823 1128 et
847 1059 954 1154 ipsius
974 1060 1112 1155 linguae
1132 1075 1248 1129 motus
1264 1076 1301 1129 ct
1326 1085 1435 1129 exer-

282 1169 461 1240 citationes
479 1198 549 1241 uon
570 1188 635 1241 tam
665 1175 748 1243 artis
774 1174 931 1270 indigent
951 1202 1055 1270 quam
1076 1177 1220 1262 laboris3
1242 1177 1379 1271 quibus
1401 1176 1435 1243 in

280 1287 383 1355 relius
403 1287 560 1357 habenda
578 1303 629 1358 est
645 1290 733 1359 ratio
752 1290 940 1386 diligenter
960 1317 1047 1387 quos
1063 1292 1251 1376 imitemur,
1274 1317 1434 1387 quorum

281 1402 408 1471 similes
424 1405 570 1474 velimus
588 1431 673 1475 esse.
697 1407 860 1476 Intuendi
878 1409 980 1477 nobis
995 1424 1074 1477 sunt
1092 1433 1162 1477 non
1181 1409 1296 1477 solum
1315 1423 1434 1476 orato·

282 1543 349 1602 res,
370 1519 552 1590 sedetiam
577 1537 725 1607 actores,
747 1549 792 1592 ne
818 1525 906 1594 mala
927 1524 1179 1595 consuetudine
1203 1524 1245 1593 ad
1271 1523 1433 1619 aliquam

231 1635 537 1708 lodeformitatem
565 1640 842 1738 pravitatemque
876 1643 1068 1712 veniamus.
1106 1650 1188 1731 11571
1223 1639 1435 1712 Exercenda

281 1769 332 1822 est
362 1754 463 1824 etiam
487 1760 652 1827 memoria
673 1759 869 1829 ediscendis
894 1759 937 1827 ad
964 1759 1108 1828 verbum
1137 1784 1240 1853 quam
1266 1758 1433 1853 plurimis

281 1889 315 1943 et
333 1874 458 1943 nostris
477 1873 613 1967 seriptis
631 1889 665 1944 et
685 1874 818 1944 alienis.
841 1877 953 1968 Atque
975 1875 1008 1942 in
1030 1900 1069 1943 ea
1088 1873 1343 1945 exercitatione
1359 1899 1432 1942 non

282 2015 363 2058 sane
394 1988 478 2057 milii
502 1988 660 2084 displicet
686 1990 865 2075 adhibere,
898 1990 924 2057 si
955 1991 1147 2074 consueris,
1187 1990 1292 2060 etiam
1330 1990 1430 2058 istam

284 2105 439 2172 locorum
455 2105 789 2200 simulacrorumque
809 2106 992 2192 rationem,
1014 2107 1153 2200 quaein
1171 2121 1245 2176 arte
1261 2104 1426 2174 traditur.

233 2228 266 2281 15
284 2218 471 2288 Educenda
490 2218 617 2289 deinde
636 2221 743 2289 dictio
760 2235 811 2291 est
828 2246 869 2289 ex
890 2221 954 2290 liae
974 2220 1162 2291 domestica
1180 2220 1430 2290 exercitatione

313 2443 361 2489 Nc.
375 2448 411 2486 ts.
426 2445 487 2487 Arce
503 2440 691 2506 [cxcrlcitntioue
704 2460 868 2490 recommence
883 2443 1056 2500 turonicam,
1070 2443 1102 2488 tol
1128 2449 1163 2489 19.
1179 2469 1211 2478 -
1228 2450 1265 2488 ta.
1283 2441 1357 2487 etiam
1371 2439 1430 2485 onais

283 2531 327 2575 par
341 2528 367 2565 r:
390 2525 457 2559 entre
476 2514 584 2560 crochets
607 2515 664 2560 cltez
681 2518 781 2576 Kayser.

281 2715 351 2768 donc,
373 2728 464 2757 comme
485 2712 538 2772 plus
559 2713 615 2756 lasut
639 2713 676 2773 (ἐξ
698 2712 824 2776 tuo-tot),

281 2800 371 2829 comme
389 2793 485 2844 partout
505 2784 561 2827 daus
582 2784 708 2844 l'ouvrage‚
726 2800 773 2844 qne
785 2800 826 2830 re·

281 2855 436 2901 commender
450 2854 592 2899 l'e'dncatian
603 2855 659 2914 qu'il
669 2856 724 2900 s'est
732 2855 826 2900 dannee

282 2927 436 2972 'alui-meme
453 2936 477 2970 et
494 2926 527 2970 les
546 2927 663 2971 exerciees
682 2927 723 2986 qui
738 2927 770 2972 lui
784 2939 826 2972 ont

284 2998 365 3045 renni.
383 3000 401 3044 ll
412 2998 478 3042 initie
491 3013 527 3042 ses
537 2998 636 3043 lectenrs
649 3000 661 3041 a
673 3014 697 3042 sa
714 2998 825 3044 aiethodc

283 3081 307 3115 ct
321 3071 371 3115 leur
390 3069 431 3113 isit
445 3070 486 3112 des
503 3067 648 3113 conlidencec
663 3085 701 3113 sur
720 3085 762 3113 soa
780 3079 824 3114 art.

283 3143 342 3186 Rieu
356 3141 395 3201 qai
411 3150 475 3185 sente
490 3140 565 3184 ruoins
580 3142 601 3185 le
617 3140 721 3186 rheteur.

314 3220 337 3257 3.
353 3213 519 3272 Exprimerear.
535 3210 674 3270 Mitraplaore
689 3213 826 3273 empruntee

284 3283 332 3327 iila
357 3282 496 3327 fabrication
520 3282 561 3325 des
588 3283 731 3329 munnaies:
755 3305 765 3324 ι
780 3300 826 3328 non

284 3355 414 3399 seulement
429 3355 453 3413 je
469 3369 506 3397 me
526 3353 612 3397 servais
636 3355 676 3398 des
693 3355 827 3401 aracillcurcs

284 3424 432 3485 expressions
452 3440 481 3468 en
497 3439 567 3483 usage
586 3425 660 3482 partui
680 3441 747 3482 nous,
770 3427 827 3470 mais

281 3497 328 3556 j'en
340 3494 442 3555 trappais
455 3495 484 3539 de
497 3494 619 3538 nouvelles
629 3514 649 3537 n.
657 3521 688 3529 —
700 3495 826 3552 imitando,

285 3584 335 3612 «en
352 3566 442 3610 suivant
465 3565 592 3627 l'naalogie
607 3585 627 3611 a.
654 3567 686 3610 Ce
716 3577 767 3611 sam
787 3569 828 3611 des

283 3640 429 3699 equivalenti
446 3637 516 3682 latins
530 3638 586 3696 qu'il
605 3636 706 3699 imagine
723 3649 746 3683 et
769 3655 826 3684 aiax·

283 3710 349 3771 quels
364 3710 379 3754 il
392 3711 469 3754 donae
480 3726 557 3753 cours.

314 3789 336 3827 1.
350 3782 476 3827 Dummodo
484 3790 559 3826 essent
568 3780 650 3825 idonea
659 3782 710 3826 doit
720 3781 828 3842 dtrcpre·

282 3853 340 3898 etde
350 3854 420 3898 d'uue
431 3851 678 3906 idiea11us·entendue
691 3869 695 3896 :
714 3872 725 3893 u
734 3867 827 3912 expres·

283 3927 344 3970 siens
354 3941 396 3986 que
406 3940 445 3968 nas
458 3923 567 3970 llainains
580 3922 746 3969 accueilluienl
755 3923 830 3967 uolon-

283 3994 827 4056 tiers‚pouruuqu'ellcslossentappropriccsa.

283 4094 314 4101 -·
335 4071 395 4118 Iam,
409 4082 471 4125 pour
485 4081 595 4126 marqucr
607 4066 628 4110 le
644 4080 743 4126 passage
758 4067 770 4109 is
784 4081 829 4110 unc

284 4150 349 4182 autre
363 4137 416 4182 idiee
428 4138 483 4181 d'un
496 4139 573 4182 me'me
587 4137 796 4196 ‹leveloppement

318 4219 369 4253 n-tt.
387 4210 579 4261 Exercitationes,
593 4209 646 4268 plus
670 4209 767 4269 general
783 4225 829 4269 que

284 4293 366 4332 martas,
382 4281 460 4339 lequel
477 4296 505 4324 ne
522 4291 577 4339 peut
597 4281 669 4341 gnere
687 4280 751 4324 avoir
770 4296 830 4340 pour

284 4351 445 4410 coniplt'unent
459 4368 505 4411 que
521 4351 590 4396 tatius
602 4351 714 4412 corporis.
727 4378 758 4386 -
772 4352 830 4396 Lin-

283 4438 345 4483 guae
363 4422 546 4467 exercitationes.
562 4423 597 4469 Cf.
620 4430 655 4485 ta,
670 4430 761 4478 ⁸³t³³‚
776 4430 828 4468 tta.

316 4498 363 4538 7-n.
389 4494 451 4550 (luas
475 4493 600 4547 imitemur,
619 4511 715 4554 quarum
741 4495 830 4538 similes

286 4564 380 4610 eclimus
394 4579 452 4619 esse,
471 4566 531 4609 deux
548 4565 707 4624 propositione
732 4565 831 4610 interro·

880 2713 970 2776 gntires
988 2713 1118 2758 indirectes
1132 2712 1162 2757 od
1184 2711 1207 2756 le
1221 2709 1355 2770 subjonctil
1364 2724 1426 2754 reni-

880 2786 947 2845 pluce
959 2784 1162 2842 successivement,
1172 2783 1230 2828 dans
1240 2778 1263 2828 la
1276 2779 1396 2841 premiere
1409 2779 1430 2824 le

880 2855 1011 2916 sunjonesit
1029 2853 1168 2901 deliberatis
1187 2855 1217 2899 de
1239 2851 1430 2911 l'interrogutian

880 2927 970 2973 directe
990 2928 1058 2989 (ceux
1072 2924 1134 2988 qn'il
1148 2925 1212 2987 saut
1236 2939 1284 2985 que
1303 2939 1364 2967 nous
1382 2921 1432 2966 ini-

881 2998 962 3059 tioas),
984 2999 1042 3043 dans
1071 2999 1093 3042 lu
1115 2997 1217 3042 seconde
1247 2993 1377 3039 l'iadicstil
1401 2994 1429 3037 de

880 3070 1068 3131 l'intcrrogation
1090 3069 1191 3114 directe.
1208 3091 1240 3102 -
1257 3066 1302 3109 Sur
1322 3065 1428 3125 l'impor·

880 3153 950 3187 tance
968 3143 997 3186 de
1013 3142 1068 3186 bien
1090 3140 1177 3185 choisir
1191 3153 1233 3182 son
1255 3135 1352 3181 modi-le
1368 3145 1391 3179 et
1409 3135 1427 3177 ls

881 3212 985 3257 muniere
995 3213 1025 3256 de
1038 3210 1143 3265 l'imitcr‚
1158 3208 1188 3254 cf.
1201 3209 1232 3263 ll,
1245 3213 1286 3259 22,
1297 3213 1327 3252 10
1338 3216 1363 3251 et
1372 3205 1426 3249 suiv.

912 3291 934 3328 a.
953 3286 1056 3329 Antores.
1071 3282 1172 3328 ciceron
1191 3295 1252 3340 pour
1273 3294 1317 3322 son
1334 3286 1428 3335 compte

881 3354 985 3415 prosituit
1013 3355 1056 3398 des
1087 3351 1207 3412 exemplet
1232 3351 1263 3395 de
1288 3349 1385 3394 Roscius
1407 3355 1428 3391 et

881 3426 1011 3486 d'AEsopus.
1033 3427 1074 3470 Ses
1097 3422 1207 3470 relations
1229 3437 1284 3466 arec
1311 3435 1357 3465 eux
1379 3426 1428 3462 sont

882 3497 936 3542 bien
948 3501 1058 3542 coanucs.
1071 3494 1108 3541 Cl.
1123 3501 1162 3545 27.
1181 3499 1234 3538 tat.

915 3574 994 3613 13-11.
1006 3570 1080 3613 Istam
1093 3567 1193 3611 locorum
1208 3561 1429 3620 simulacrorumque

882 3639 1003 3684 rationem.
1015 3639 1080 3685 C'est
1089 3637 1109 3682 la
1122 3634 1281 3698 rrrne'monique
1290 3648 1321 3678 ou
1333 3645 1429 3690 marens

883 3709 1000 3755 artificiels
1016 3725 1076 3768 pour
1091 3709 1157 3753 nider
1176 3709 1198 3752 la
1212 3705 1338 3765 mdmoire,
1353 3724 1364 3744 ι
1377 3700 1429 3746 ticin

882 3784 911 3826 de
925 3781 1017 3842 l'image
1031 3781 1072 3825 des
1093 3780 1153 3824 lieux
1168 3788 1192 3823 et
1209 3777 1239 3822 de
1260 3777 1284 3820 la
1303 3773 1428 3836 configura·

883 3854 933 3898 tion
949 3854 990 3897 des
1002 3852 1077 3910 objets
1093 3872 1114 3894 ιι.
1130 3852 1193 3894 Ροιιι·
1206 3848 1259 3909 plus
1271 3849 1306 3892 de
1318 3845 1427 3904 develop-

883 3935 992 3986 pcmeats
1024 3921 1074 3966 roir
1096 3923 1128 3983 ll,
1155 3927 1194 3981 111,
1222 3924 1282 3972 351ς
1304 3925 1343 3972 811,
1370 3922 1427 3969 311;

882 3996 916 4039 ad
927 3998 1030 4043 Herena,
1040 3995 1085 4047 lll,
1100 3998 1137 4053 16,
1147 3997 1181 4048 ,etl
1195 4000 1219 4035 et
1230 3988 1328 4034 suiv.-
1339 3990 1370 4033 In
1383 3995 1429 4030 arte

885 4065 923 4126 (cl.
933 4072 971 4120 22,
980 4063 1028 4125 1111),
1039 4083 1050 4104 u
1063 4079 1118 4107 scius
1128 4062 1204 4107 l'ornse
1216 4060 1345 4120 techniqne
1354 4069 1377 4103 et
1385 4070 1429 4116 sys-

884 4135 1021 4195 tiematique,
1036 4134 1093 4179 dans
1108 4133 1129 4178 la
1141 4132 1250 4178 doctrine
1265 4131 1295 4176 de
1311 4128 1392 4175 l'dcolc
1409 4146 1427 4168 ι-

885 4209 946 4253 En:
968 4207 989 4250 la
1006 4205 1142 4265 lllrc‘tarique
1160 4202 1175 4248 ci
1192 4199 1326 4248 Herennius
1347 4196 1428 4260 (Μ).

917 4286 953 4323 to.
963 4278 1118 4325 Educenda...
1132 4274 1212 4320 dictio.
1226 4276 1259 4320 Le
1267 4274 1343 4336 grand
1353 4285 1430 4332 repra·

884 4351 927 4394 che
938 4365 985 4411 que
999 4347 1100 4395 Ciceron
1110 4346 1205 4392 adresse
1218 4360 1264 4389 aux
1276 4343 1386 4389 rhkteurs
1398 4346 1430 4384 est

884 4438 912 4466 en
938 4425 995 4465 etlet
1023 4420 1052 4463 de
1071 4434 1100 4463 ne
1119 4416 1203 4477 jamnis
1221 4414 1355 4476 pratiquer.
1375 4413 1430 4456 run

885 4491 1029 4537 thioricieas
1045 4488 1149 4535 confiniis
1163 4488 1222 4532 dans
1241 4486 1307 4531 leurs
1319 4485 1395 4543 selles,
1405 4480 1430 4525 il·

886 4563 1002 4608 culrireat
1026 4577 1081 4606 arec
1104 4560 1155 4620 joie
1180 4558 1244 4603 leurs
1270 4555 1365 4602 defruta
1384 4563 1430 4598 sant
