3292 5422
548 461 899 515 lNTRODUCTfflN
1224 480 1293 517 66666

151 592 231 654 cltez
262 590 369 679 lequel
400 591 446 653 les
478 591 586 679 points
613 591 804 679 principaux
834 591 874 654 (16
905 591 933 654 16
963 590 1143 655 discussion
1174 593 1295 656 etaient

151 707 348 795 developpes
373 731 413 770 eu
436 706 494 769 des
514 706 662 770 discours
689 706 798 769 suivis.
822 707 846 769 ll
875 706 943 771 s'cn
970 709 1151 795 rapproche
1178 732 1295 772 encore

151 846 212 910 par
233 845 267 886 sa
288 821 382 899 lacon
398 820 438 884 de
462 820 583 885 diviser
604 822 632 885 le
653 826 739 910 sujet
759 847 798 885 en
814 823 976 911 plusieurs
994 824 1100 901 livres,
1118 824 1198 888 dont
1218 826 1295 888 cha-

151 962 216 1001 cun
237 937 340 1001 166666
356 961 400 1001 66
417 937 592 1015 661661166,
611 955 643 1002 61
660 938 700 1002 (16
716 939 836 1028 placer,
855 964 895 1003 en
916 947 980 1004 1616
1000 939 1041 1004 (16
1057 941 1183 1028 chaque
1204 940 1294 1017 livrc,

150 1077 196 1118 un
228 1052 417 1141 preambule
442 1059 484 1117 ou
514 1051 537 1116 il
563 1053 654 1142 parle
681 1078 722 1118 en
749 1078 808 1119 son
835 1056 940 1118 nom¹.
969 1055 1054 1120 D’ou
1081 1055 1293 1144 l'exprcssion

150 1170 251 1234 d’une
277 1168 317 1232 (16
339 1192 391 1232 666
409 1168 539 1233 lettres:
562 1197 576 1229 6
599 1169 719 1259 Scripsi
743 1170 932 1234 Aristotelio
955 1194 1087 1235 more...
1109 1188 1174 1235 tres
1193 1171 1294 1236 libros

150 1285 184 1349 in
210 1284 432 1373 disputatione
454 1308 491 1349 ac
511 1285 642 1374 dialogo
664 1286 705 1351 de
726 1288 863 1350 Oratore
873 1286 893 1349 ².
919 1315 933 1345 1>
956 1289 1005 1350 En
1030 1287 1189 1352 revanche
1214 1286 1237 1351 il
1262 1311 1295 1351 66

149 1409 265 1489 se'pare
280 1400 321 1464 de
338 1401 394 1479 lui,
416 1401 569 1490 puisqu’il
584 1425 625 1466 66
641 1402 745 1491 parait
759 1425 817 1491 pas
837 1401 919 1466 (1666
933 1402 962 1466 16
980 1401 1205 1468 conversation
1221 1402 1297 1466 olle-

151 1523 271 1594 666666,
289 1517 375 1581 61666
390 1516 591 1604 qu'Aristote
610 1541 644 1580 se
659 1515 786 1581 mettait
804 1541 845 1580 en
862 1518 958 1581 scene
975 1533 1009 1580 et
1024 1515 1154 1604 ligurait
1167 1541 1295 1580 comme

149 1631 179 1696 16
196 1632 353 1722 principal
371 1656 579 1722 personnago
603 1631 643 1697 de
670 1656 721 1697 ses
745 1632 948 1721 dialogues⁵3
970 1649 1002 1696 et
1021 1630 1148 1696 d'autre
1167 1648 1251 1721 part,
1279 1635 1296 1696 a

149 1748 265 1814 Platon
283 1749 305 1813 il
325 1765 498 1837 emprunte
518 1749 546 1812 le
565 1748 655 1813 souci
671 1748 711 1814 de
733 1773 884 1836 marquer
902 1747 980 1813 ‹l'un
1000 1748 1072 1813 trait
1092 1749 1295 1837 pittoresque

150 1865 181 1929 le
199 1864 294 1929 cadre
309 1863 350 1929 de
374 1864 518 1941 l'action‚
539 1865 579 1929 de
594 1864 716 1930 choisir
734 1864 792 1929 des
812 1864 1063 1930 interlocuteurs
1083 1863 1177 1954 d'fige
1202 1881 1234 1928 et
1255 1864 1295 1928 de

148 1986 247 2069 gotlts
267 1979 387 2056 divers,
413 1979 469 2069 qui
489 1997 653 2069 preunent
676 1980 931 2045 sucessivement
954 1981 984 2046 la
1006 1981 1130 2069 parole,
1158 1979 1298 2069 gardant

150 2096 223 2159 leur
241 2113 315 2159 tour
331 2093 467 2184 d'esprit
488 2112 520 2160 et
539 2095 627 2160 leurs
646 2095 820 2161 habitudes
836 2095 878 2160 de
899 2096 1049 2185 langage.
1072 2097 1210 2160 Comme
1227 2113 1296 2159 tou-

144 2214 252 2300 jours,
274 2211 296 2275 il
316 2228 365 2275 est
392 2211 583 2300 eclectique.
606 2211 812 2304 Cependant,
830 2211 888 2277 d'es
909 2236 972 2299 que
993 2236 1075 2275 nous
1096 2213 1259 2275 touchons
1279 2214 1296 2275 16

148 2329 224 2394 l’art
240 2343 454 2417 proprement
473 2327 520 2391 dit
536 2326 579 2393 du
599 2329 640 2392 de
659 2320 807 2406 Oratore,
832 2327 911 2392 c’est
933 2327 1048 2391 Platon
1068 2343 1196 2391 surtout
1216 2326 1296 2415 qu'il

150 2469 170 2509 a
185 2453 227 2509 eu'
245 2444 364 2508 devant
383 2442 430 2508 les
447 2467 544 2534 yeux,
566 2443 645 2509 c'est
664 2467 740 2509 avec
761 2443 806 2507 lui
826 2442 906 2531 qu’il
931 2466 948 2507 a
968 2444 1062 2507 tache
1077 2443 1117 2507 de
1138 2441 1294 2506 rivaliser.

152 2561 244 2625 Nous
263 2560 386 2624 devous
401 2583 484 2624 nous
504 2566 638 2637 arreter,
661 2583 702 2623 666
724 2559 913 2637 terminant,
940 2583 995 2623 sur
1015 2576 1098 2623 cette
1120 2558 1294 2622 imitation.

698 2949 752 3021 lll

202 3089 304 3183 n’sni
329 3138 420 3185 6666
447 3138 490 3184 nn
518 3113 564 3183 de
592 3111 759 3184 Oratore.
780 3152 830 3166 -
849 3121 999 3182 6666666
1027 3137 1070 3182 ur
1097 3135 1246 3184 666666.

197 3376 284 3438 Pour
290 3375 387 3460 juger
398 3371 658 3460 equitablement
672 3370 745 3435 l'art
760 3369 842 3435 dans
856 3370 886 3434 le
898 3372 938 3435 de
954 3371 1102 3448 Oratore,
1121 3370 1143 3434 il
1160 3370 1300 3436 faudrait

151 3488 181 3550 16
193 3489 288 3574 juger
303 3509 345 3548 66
363 3482 548 3560 lui-meme,
574 3482 652 3547 laire
673 3481 872 3546 abstraction
892 3481 933 3546 de
956 3505 1008 3546 ses
1027 3482 1195 3548 souvenirs
1210 3481 1299 3546 litte-

150 3602 252 3666 raires
278 3618 310 3664 et
334 3599 460 3664 n'avoir
482 3599 571 3665 dans
587 3597 713 3687 l'esprit
737 3621 843 3662 aucun
869 3615 971 3663 terme
994 3597 1034 3661 do
1057 3598 1296 3686 comparaison.

150 3717 245 3783 Ainsi
260 3716 445 3794 considere,
458 3732 510 3780 cet
524 3733 575 3779 art
585 3731 639 3805 661
647 3713 763 3802 grand,
782 3731 814 3777 61
831 3737 915 3777 6666
929 3712 975 3776 161
990 3737 1090 3778 avons
1105 3713 1178 3801 de'jit
1195 3713 1298 3776 rendn

148 3833 294 3921 justice‘.
319 3835 363 3897 Le
386 3834 446 3896 but
469 3831 510 3896 (16
530 3830 669 3896 Ciceron
695 3853 713 3893 a
738 3836 789 3893 ete
811 3852 877 3892 non
893 3828 1075 3892 seulement
1096 3828 1297 3906 d'instruire,

154 3949 235 4013 mais
265 3949 306 4013 de
340 3945 455 4036 plaire.
481 3945 506 4009 ll
529 3970 547 4010 a
571 3947 712 4010 cherche
739 3950 756 4007 a
784 3952 936 4008 attenuer
964 3945 994 4008 la
1023 3945 1209 4009 secheresse
1242 3944 1300 4008 des

184 4188 206 4224 t.
226 4180 263 4226 Ad
278 4182 364 4232 Attio„
382 4181 423 4234 tv,
445 4187 483 4238 11,
503 4187 516 4224 2
535 4196 540 4224 :
561 4179 697 4240 «quoniam
753 4179 845 4227 τέλειον
861 4192 950 4221 morem
967 4176 1065 4231 habent,
1081 4176 1163 4237 inquo
1175 4192 1253 4222 666666
1266 4178 1298 4222 116

152 4253 176 4297 16
192 4252 291 4311 siugulis
305 4251 371 4296 libris
383 4260 437 4296 6166
450 4250 591 4310 prooemiis,
603 4260 627 4293 61
643 4250 698 4295 Α61-
753 4246 871 4291 inducitur
888 4256 1020 4291 ceterorum
1040 4258 1065 4292 61
1083 4262 1154 4305 penes
1171 4246 1249 4307 ipsum
1269 4247 1298 4290 sit

152 4324 248 4367 61616166
259 4323 283 4368 16
296 4323 324 4368 116
335 4337 394 4382 quos
404 4313 562 4384 ἐξωτερικοὺς
575 4332 650 4366 vocat.
752 4317 897 4378 principatus
908 4337 918 4359 n
928 4337 935 4372 ς
946 4318 1016 4363 -ad
1024 4317 1103 4377 Quint.
1110 4318 1162 4379 Jr„
1173 4321 1216 4372 ΙΙΙ,
1231 4327 1253 4372 5,
1267 4326 1274 4361 Ι
1292 4336 1297 4362 :

184 4400 207 4438 2.
224 4394 265 4439 Ad
277 4395 354 4448 Fam„
371 4397 390 4445 Ι,
403 4399 427 4448 1,
440 4399 478 4436 2³.
752 4410 765 4431 n
787 4389 966 4435 Aristotelem...
989 4405 1049 4450 quoe
1072 4391 1102 4433 (16
1123 4405 1147 4433 66
1167 4389 1259 4446 publica
1275 4398 1300 4433 et

183 4469 205 4507 ³.
224 4464 264 4510 Ad
282 4462 368 4516 Attia,
390 4465 455 4518 xm,
474 4469 510 4517 19,
535 4469 548 4508 1
574 4481 579 4508 :
604 4483 615 4503 ι
636 4480 698 4524 quae
751 4461 1147 4521 166661661661666661661,ἱρ6666
1163 4461 1261 4521 loqui.»

152 4535 285 4580 antemnis
304 4535 450 4595 temporibus
469 4536 561 4596 scripsi,
579 4536 697 4599 Ἀριστο-
783 4539 805 4576 t.
824 4532 881 4577 Voir
898 4548 922 4591 p.
940 4533 1061 4579 xri-xiv,
